3410 5168
870 167 891 231 5

825 257 928 264 —a---

303 374 397 458 Quae
420 394 496 440 cum
519 376 565 440 ita
587 376 665 455 sint,
683 375 754 440 fieri
776 393 843 438 non
866 376 983 456 potest,
1008 372 1088 453 quin
1111 370 1309 451 Hieronymi
1332 371 1419 437 laud.
1443 373 1551 438 locum

198 466 239 529 de
262 464 415 530 Lucretio
448 469 545 545 poeta
567 480 606 526 ex
629 462 693 527 alio
718 462 807 528 fonte
830 467 928 545 atque
963 479 1003 524 ex
1026 459 1175 524 Suetonii
1199 459 1239 524 de
1261 459 1341 523 viris
1365 459 1548 526 illustribus

199 551 291 616 libris
313 549 444 615 fluxisse
478 549 661 614 credamus.
693 549 752 614 His
775 569 836 630 pro
873 553 963 613 certo
987 547 1104 630 positis
1136 547 1323 626 necessario
1346 553 1550 629 sequeretur,

199 645 244 716 ut,
269 656 344 702 curn
368 637 561 702 Suetonium
579 637 726 701 veritatis
739 636 1019 700 studiosissimum
1053 641 1222 698 auctorem
1255 651 1327 698 esse
1360 635 1549 700 monuisse·
1664 633 1667 638 “

199 745 283 805 mus,
306 723 502 804 Hieronymi
535 723 621 788 laud
656 725 879 788 testimonium
904 723 944 786 de
969 721 1118 786 Lucretio
1142 729 1243 802 poeta
1264 740 1395 785 summa
1417 721 1480 786 fide
1503 722 1552 787 di-

199 831 298 894 gnum
321 818 421 877 esset.
456 809 528 874 Hoc
560 817 672 876 tamen
709 811 943 887 testimonium,
977 808 1006 872 si
1035 816 1189 872 accurate
1222 825 1261 872 ac
1284 807 1455 888 diligenter
1477 827 1551 891 per-

198 906 395 981 scrutamur,
406 917 504 982 quam
515 898 665 962 maximis
689 896 936 962 difficultatibus
959 894 1151 959 obstrictum
1174 900 1207 959 et
1222 894 1401 960 admodum
1417 915 1551 979 suspec-

199 995 271 1051 tum
304 987 495 1067 reperimus.
531 985 632 1049 Multa
655 985 752 1065 enim,
777 982 898 1067 quibus
920 982 1131 1046 vehementer
1153 981 1357 1063 offendimur,
1374 984 1409 1047 in
1433 1002 1472 1047 eo
1495 982 1552 1050 de·

198 1074 442 1157 prehendimus.

304 1182 351 1242 Ac
374 1178 525 1259 primum,
549 1177 638 1258 quod
650 1176 691 1240 ad
702 1177 808 1258 ipsam
830 1173 1010 1240 testimonii
1034 1173 1175 1238 formam
1210 1175 1361 1256 pertinet,
1386 1176 1552 1242 neminem

194 1284 282 1336 ,sane
305 1265 417 1343 fugere
439 1271 547 1346 potest
578 1263 680 1327 nimia
703 1281 822 1340 rerum,
858 1281 942 1346 quae
975 1262 1009 1325 in
1032 1262 1087 1326 illo
1112 1261 1299 1326 testimonio
1333 1262 1373 1326 de
1397 1261 1553 1329 Lucretio

201 1360 300 1436 poeta
335 1357 542 1422 enarrantur,
576 1351 709 1416 ubertas
742 1356 840 1433 atque
874 1348 1091 1428 abundantia,
1119 1366 1202 1433 quae
1237 1349 1356 1413 mirum
1393 1357 1552 1433 quantum

201 1440 379 1504 abhorreat
401 1439 442 1502 ab
467 1438 740 1519 Hieronymiauae
763 1438 965 1501 narrationis
996 1436 1157 1500 brevitate
1188 1437 1423 1518 aspernante,
1456 1455 1555 1521 qnam

202 1529 237 1590 in
260 1527 422 1610 plerisque
445 1523 684 1590 chronicorum
708 1525 790 1588 notis
814 1524 864 1589 vel
889 1524 930 1588 ad
954 1523 1184 1588 celeberrimos
1209 1524 1435 1589 Romanorum
1451 1525 1554 1608 scrip·

203 1622 288 1679 tores
320 1612 548 1695 spectantibus
593 1612 750 1676 videmus.
775 1611 813 1675 ln
836 1611 984 1693 plurimis
1007 1611 1096 1674 enim
1118 1609 1206 1673 notis
1229 1617 1362 1692 praeter
1385 1612 1555 1693 scriptoris

199 1703 286 1765 diem
309 1700 454 1764 natalem
477 1705 510 1764 et
532 1718 722 1782 supremum
752 1697 970 1778 Hieronymus
998 1698 1081 1762 nihil
1114 1697 1254 1780 amplius
1290 1699 1494 1777 meminerat,
1518 1699 1554 1763 in

201 1787 366 1852 nonnullis
396 1788 565 1869 scriptoris
596 1787 683 1851 vitae
707 1787 852 1868 spatium
895 1785 994 1850 certis
1017 1803 1180 1849 annorum
1204 1786 1352 1850 numeris
1375 1785 1552 1866 adscriptis

201 1874 349 1940 definivit
371 1881 404 1939 et
427 1875 468 1938 de
491 1879 605 1953 morte,
639 1875 668 1938 si
690 1874 836 1937 insolens
858 1872 911 1936 vel
935 1871 1078 1937 violenta
1107 1877 1187 1949 erat,
1222 1873 1383 1955 quaedam
1406 1871 1552 1939 breviter

202 1962 492 2040 commemoravit;
529 1963 616 2025 vitas
640 1962 729 2044 ipsas
763 1961 975 2041 rationesque
1015 1959 1214 2040 scriptorum
1262 1959 1427 2024 rarissime
1450 1966 1551 2041 atque

204 2051 390 2115 summatim
428 2055 556 2113 tanturn
590 2056 623 2114 et
656 2066 755 2130 quam
788 2047 995 2128 paucissimis
1029 2045 1220 2129 perstrinxit
1250 2044 1471 2112 lineamentis.
1505 2047 1556 2112 Ad

203 2155 289 2220 quae
313 2135 399 2201 laud.
422 2137 542 2201 testim.
567 2142 714 2218 externa,
739 2140 775 2199 ut
797 2135 844 2198 ita
879 2135 997 2212 dicam,
1022 2133 1221 2215 suspicionis
1244 2133 1376 2213 indicia,
1391 2135 1556 2200 accedunt

204 2225 353 2290 interna:
378 2224 579 2303 singulorum
602 2221 833 2300 membrorum,
858 2222 977 2305 quibus
1001 2220 1190 2302 Hieronymi
1209 2221 1433 2286 testimonium
1457 2221 1555 2288 effici-

204 2321 268 2388 tur,
291 2311 472 2376 sententias
495 2310 579 2390 dico,
611 2327 696 2392 quae
718 2328 793 2373 cum
815 2309 913 2374 rebus
937 2307 977 2373 de
1001 2308 1153 2373 Lucretio
1183 2308 1318 2374 aliunde
1340 2308 1478 2391 proditis
1501 2314 1559 2374 aut

203 2399 396 2464 coniectura
418 2397 556 2478 repertis
579 2396 670 2460 nullo
693 2396 791 2460 modo
815 2395 1000 2460 consociari
1024 2400 1176 2477 possunt.

309 2500 425 2585 Neque
469 2501 567 2582 igitur
624 2499 825 2578 mirabimur,
861 2500 948 2584 quod
982 2506 1075 2565 tanta
1108 2505 1159 2564 est
1190 2498 1276 2565 inter
1320 2499 1436 2564 doctos
1467 2501 1557 2566 viros

204 2589 375 2667 dissensio,
410 2607 587 2672 quamnam
612 2587 791 2653 testimonii
814 2588 901 2653 laud.
927 2587 1126 2653 sententiam
1150 2604 1271 2664 veram,
1297 2605 1396 2668 quam
1420 2606 1557 2671 suspec-

205 2684 274 2740 tam
295 2676 348 2741 vel
370 2675 488 2740 falsam
511 2675 633 2755 dicant,
657 2675 790 2758 etquid
822 2674 863 2739 de
895 2675 1051 2740 universo
1080 2673 1137 2738 illo
1161 2674 1348 2738 testimonio
1396 2674 1554 2742 indicent.

203 2764 305 2842 Quae,
328 2782 404 2827 eum
427 2764 574 2827 noudum
596 2762 638 2826 ad
661 2762 820 2842 liquidum
853 2762 1010 2844 perducta
1032 2761 1107 2839 sint,
1132 2760 1303 2841 diligenter
1325 2763 1555 2844 perquiremus

206 2850 382 2916 aLucretii
406 2867 493 2914 anno
516 2849 618 2914 natali
641 2849 847 2931 incipientes,

858 3038 918 3104 ΙΙΙ.
938 3031 941 3040 “

309 3179 534 3262 Hieronymus
574 3179 766 3256 Lucretium
801 3195 888 3242 anno
920 3177 962 3242 ab
984 3177 1062 3243 Abr.
1090 3177 1256 3247 1923=9t
1284 3198 1314 3244 a.
1338 3177 1413 3244 Cirr.
1439 3188 1555 3244 natum

207 3267 325 3333 aetatis
348 3286 434 3332 anuo
457 3270 511 3332 44.
537 3276 676 3333 mortem
698 3266 760 3330 sibi
782 3266 985 3332 conscivisse
1017 3264 1125 3331 tradit.
1151 3265 1239 3346 Quos
1262 3285 1417 3332 numeros
1441 3285 1558 3332 omnes

205 3354 334 3420 codices
359 3354 515 3420 exhibent
547 3360 680 3434 praeter
700 3353 773 3418 cod.
799 3353 836 3417 A.
860 3370 945 3417 saec.
969 3353 1000 3417 7.
1024 3359 1058 3419 et
1080 3352 1115 3417 F.
1151 3372 1227 3419 saec
1270 3355 1301 3419 9.
1325 3354 1478 3430 ineuntis,
1503 3353 1559 3440 qui

207 3441 348 3508 Lucretii
385 3459 508 3507 annum
542 3441 686 3506 natalem
722 3442 764 3505 ad
790 3439 873 3504 1922
897 3441 939 3504 ab
962 3439 1040 3504 Abr.
1064 3468 1106 3494 =
1129 3443 1182 3505 95.
1205 3460 1236 3507 a.
1259 3439 1336 3506 Cbr.
1370 3441 1560 3521 referunt.¹)

207 3529 254 3592 Ex
274 3529 464 3594 testimonio
489 3527 544 3594 illo
579 3536 726 3611 apparet,
760 3527 996 3608 Hieronymum
1020 3526 1163 3592 Lucretii
1198 3547 1323 3594 annum
1348 3529 1492 3594 natalem
1514 3529 1558 3594 ad

209 3634 237 3679 a.
262 3622 338 3680 ante
355 3611 430 3680 Chr.
454 3617 505 3681 95.
527 3617 578 3680 vel
596 3616 659 3691 94,
672 3634 862 3697 supremum
881 3613 923 3677 ad
946 3632 976 3678 a.
1000 3633 1029 3679 a.
1055 3611 1130 3679 Chr.
1155 3617 1206 3680 51.
1229 3615 1282 3681 val
1305 3615 1356 3680 50.
1381 3617 1559 3681 rettulisse.

209 3701 338 3780 Quibus
382 3704 529 3769 numeris
568 3709 728 3784 repugnat
761 3700 822 3767 loc.
855 3700 1015 3788 Donati,²)
1054 3702 1109 3782 qui
1142 3701 1330 3769 Lucretium
1353 3720 1392 3768 eo
1415 3721 1503 3768 anno
1526 3707 1562 3767 et

208 3790 303 3873 die,³)
321 3807 387 3871 quo
400 3787 560 3869 Vergilius
582 3791 701 3853 aetatis
725 3807 813 3854 anno
835 3787 902 3853 XV.
927 3797 1043 3854 exacto
1065 3795 1171 3871 togam
1196 3790 1324 3855 virilem
1344 3789 1556 3872 sumpsisset,

209 3877 393 3943 decessisse
427 3877 481 3940 ait.
514 3873 691 3957 Vergilium
725 3883 837 3942 autern
871 3874 984 3940 Idibus
1014 3873 1212 3942 Octobribus
1246 3877 1324 3941 anni
1348 3877 1400 3941 70.
1426 3895 1455 3940 a.
1482 3874 1558 3941 Chr.

210 3962 269 4028 Cn.
293 3965 448 4046 Pompeio
472 3964 593 4044 Magno
618 3963 659 4027 M.
684 3962 806 4029 Licinio
843 3961 964 4028 Crasso
997 3963 1189 4028 consulibus
1212 3971 1329 4029 natum
1351 3981 1425 4029 esse
1448 3964 1559 4028 incor-

317 4170 338 4239 ¹)
359 4168 421 4226 Vid.
434 4173 551 4225 nostrae
570 4167 783 4227 dissertationis
801 4188 827 4240 p.
847 4171 872 4225 l.
891 4187 917 4224 n.
938 4172 962 4224 3.

317 4256 342 4314 ’t
362 4256 426 4312 vid.
445 4261 562 4313 nostrae
582 4257 795 4312 dissertationis
813 4273 877 4326 pag.
898 4261 921 4310 l.
940 4260 999 4314 not.
1018 4259 1042 4310 1.

318 4344 340 4412 ³)
360 4345 422 4398 Hoc
441 4344 516 4399 enirn
535 4349 649 4415 tompus
668 4344 844 4414 significatur
874 4344 980 4400 Donati
995 4345 1093 4400 verbis
1112 4361 1199 4414 supra
1222 4344 1364 4402 laudatis:
1394 4360 1495 4416 ,quam
1513 4361 1564 4399 na-

210 4413 429 4554 tvaleirgsifficepit
445 4413 538 4470 isdem
555 4415 613 4469 illis
650 4414 819 4470 consulibus
851 4414 952 4468 iterum
975 4413 1107 4483 duobus,
1142 4414 1245 4483 quibus
1282 4420 1343 4471 erat
1380 4418 1462 4469 natus
1493 4413 1566 4474 (scil
