<?xml version="1.0" encoding="UTF-8"?>
<!DOCTYPE html PUBLIC "-//W3C//DTD XHTML 1.0 Transitional//EN"
    "http://www.w3.org/TR/xhtml1/DTD/xhtml1-transitional.dtd">
<html xmlns="http://www.w3.org/1999/xhtml" xml:lang="en" lang="en">
 <head>
  <title>
</title>
<meta http-equiv="Content-Type" content="text/html;charset=utf-8" />
  <meta name='ocr-system' content='tesseract 3.04.00' />
  <meta name='ocr-capabilities' content='ocr_page ocr_carea ocr_par ocr_line ocrx_word'/>
</head>
<body>
  <div class='ocr_page' id='page_1' title='image "./quaestioneslucr00jezigoog_0014.png"; bbox 0 0 3410 5168; ppageno 0'>
   <div class='ocr_carea' id='block_1_1' title="bbox 846 155 944 248">
    <p class='ocr_par' dir='ltr' id='par_1_1' title="bbox 846 155 944 248">
     <span class='ocr_line' id='line_1_1' title="bbox 846 155 944 248; baseline 0.01 -1"><span class='ocrx_word' id='word_1_1' title='bbox 846 155 944 248; x_wconf 61' lang='lat'><strong>-„7..„</strong></span> 
     </span>
    </p>
   </div>
   <div class='ocr_carea' id='block_1_2' title="bbox 154 356 1566 2884">
    <p class='ocr_par' dir='ltr' id='par_1_2' title="bbox 154 356 1566 1124">
     <span class='ocr_line' id='line_1_2' title="bbox 217 356 1565 443; baseline -0.004 -19"><span class='ocrx_word' id='word_1_2' title='bbox 217 359 336 426; x_wconf 84' lang='lat' dir='ltr'><strong>aetatis</strong></span> <span class='ocrx_word' id='word_1_3' title='bbox 359 359 632 425; x_wconf 86' lang='lat' dir='ltr'><strong>scholasticorum</strong></span> <span class='ocrx_word' id='word_1_4' title='bbox 654 359 848 424; x_wconf 90' lang='lat' dir='ltr'><strong>commentis</strong></span> <span class='ocrx_word' id='word_1_5' title='bbox 870 360 1076 443; x_wconf 82' lang='lat' dir='ltr'>inquinatam</span> <span class='ocrx_word' id='word_1_6' title='bbox 1101 366 1134 426; x_wconf 87' lang='lat' dir='ltr'><strong>et</strong></span> <span class='ocrx_word' id='word_1_7' title='bbox 1157 357 1415 424; x_wconf 79' lang='lat' dir='ltr'><strong>contaminatam</strong></span> <span class='ocrx_word' id='word_1_8' title='bbox 1437 356 1480 420; x_wconf 87' lang='lat' dir='ltr'><strong>ad</strong></span> <span class='ocrx_word' id='word_1_9' title='bbox 1503 373 1565 420; x_wconf 86' lang='lat' dir='ltr'><strong>nos</strong></span> 
     </span>
     <span class='ocr_line' id='line_1_3' title="bbox 219 443 1566 548; baseline -0.004 -36"><span class='ocrx_word' id='word_1_10' title='bbox 219 447 419 548; x_wconf 79' lang='lat' dir='ltr'><strong>pervenisse,</strong></span> <span class='ocrx_word' id='word_1_11' title='bbox 450 448 516 510; x_wconf 89' lang='lat' dir='ltr'><strong>iam</strong></span> <span class='ocrx_word' id='word_1_12' title='bbox 549 446 644 510; x_wconf 92' lang='lat' dir='ltr'><strong>multi</strong></span> <span class='ocrx_word' id='word_1_13' title='bbox 668 445 756 511; x_wconf 91' lang='lat' dir='ltr'><strong>docti</strong></span> <span class='ocrx_word' id='word_1_14' title='bbox 777 447 938 512; x_wconf 84' lang='lat' dir='ltr'><strong>viderunt.</strong></span> <span class='ocrx_word' id='word_1_15' title='bbox 981 448 1075 518; x_wconf 75' lang='lat' dir='ltr'><strong>Quae</strong></span> <span class='ocrx_word' id='word_1_16' title='bbox 1110 455 1222 511; x_wconf 92' lang='lat' dir='ltr'><strong>tamen</strong></span> <span class='ocrx_word' id='word_1_17' title='bbox 1243 445 1351 510; x_wconf 86' lang='lat' dir='ltr'><strong>bonae</strong></span> <span class='ocrx_word' id='word_1_18' title='bbox 1375 443 1475 524; x_wconf 87' lang='lat' dir='ltr'><strong>frugis</strong></span> <span class='ocrx_word' id='word_1_19' title='bbox 1496 443 1566 507; x_wconf 81' lang='lat' dir='ltr'><strong>rita</strong></span> 
     </span>
     <span class='ocr_line' id='line_1_4' title="bbox 218 530 1566 616; baseline -0.003 -16"><span class='ocrx_word' id='word_1_20' title='bbox 218 533 275 601; x_wconf 84' lang='lat' dir='ltr'><strong>rlla</strong></span> <span class='ocrx_word' id='word_1_21' title='bbox 298 535 516 616; x_wconf 83' lang='lat' dir='ltr'><strong>amplectitur,</strong></span> <span class='ocrx_word' id='word_1_22' title='bbox 540 551 579 597; x_wconf 88' lang='lat' dir='ltr'><strong>ea</strong></span> <span class='ocrx_word' id='word_1_23' title='bbox 602 541 763 599; x_wconf 85' lang='lat' dir='ltr'><strong>cunctae</strong></span> <span class='ocrx_word' id='word_1_24' title='bbox 787 532 934 598; x_wconf 86' lang='lat' dir='ltr'><strong>Suetonii</strong></span> <span class='ocrx_word' id='word_1_25' title='bbox 957 533 996 599; x_wconf 91' lang='lat' dir='ltr'><strong>de</strong></span> <span class='ocrx_word' id='word_1_26' title='bbox 1020 533 1100 599; x_wconf 87' lang='lat' dir='ltr'><strong>viris</strong></span> <span class='ocrx_word' id='word_1_27' title='bbox 1124 532 1305 598; x_wconf 76' lang='lat' dir='ltr'><strong>illustribus</strong></span> <span class='ocrx_word' id='word_1_28' title='bbox 1328 531 1428 609; x_wconf 92' lang='lat' dir='ltr'><strong>libris,</strong></span> <span class='ocrx_word' id='word_1_29' title='bbox 1449 530 1566 612; x_wconf 87' lang='lat' dir='ltr'><strong>quibus</strong></span> 
     </span>
     <span class='ocr_line' id='line_1_5' title="bbox 219 617 1566 703; baseline -0.003 -17"><span class='ocrx_word' id='word_1_30' title='bbox 219 617 387 686; x_wconf 83' lang='lat' dir='ltr'><strong>Donatum</strong></span> <span class='ocrx_word' id='word_1_31' title='bbox 432 620 563 701; x_wconf 88' lang='lat' dir='ltr'><strong>saepius</strong></span> <span class='ocrx_word' id='word_1_32' title='bbox 607 641 704 686; x_wconf 92' lang='lat' dir='ltr'><strong>usum</strong></span> <span class='ocrx_word' id='word_1_33' title='bbox 727 639 799 685; x_wconf 89' lang='lat' dir='ltr'><strong>esse</strong></span> <span class='ocrx_word' id='word_1_34' title='bbox 823 626 972 702; x_wconf 85' lang='lat' dir='ltr'><strong>constat,</strong></span> <span class='ocrx_word' id='word_1_35' title='bbox 1005 629 1137 703; x_wconf 86' lang='lat' dir='ltr'><strong>sumpta</strong></span> <span class='ocrx_word' id='word_1_36' title='bbox 1171 619 1325 684; x_wconf 82' lang='lat' dir='ltr'><strong>ridentur</strong></span> <span class='ocrx_word' id='word_1_37' title='bbox 1348 637 1438 682; x_wconf 89' lang='lat' dir='ltr'><strong>esse.</strong></span> <span class='ocrx_word' id='word_1_38' title='bbox 1472 617 1566 696; x_wconf 86' lang='lat' dir='ltr'><strong>Quod</strong></span> 
     </span>
     <span class='ocr_line' id='line_1_6' title="bbox 219 705 1564 790; baseline -0.004 -16"><span class='ocrx_word' id='word_1_39' title='bbox 219 719 253 774; x_wconf 91' lang='lat' dir='ltr'><strong>et</strong></span> <span class='ocrx_word' id='word_1_40' title='bbox 275 727 316 774; x_wconf 88' lang='lat' dir='ltr'><strong>ex</strong></span> <span class='ocrx_word' id='word_1_41' title='bbox 338 706 484 774; x_wconf 79' lang='lat' dir='ltr'>Terentii</span> <span class='ocrx_word' id='word_1_42' title='bbox 506 706 614 784; x_wconf 81' lang='lat' dir='ltr'><strong>vita,¹.</strong></span> <span class='ocrx_word' id='word_1_43' title='bbox 640 727 738 790; x_wconf 83' lang='lat' dir='ltr'><strong>quam</strong></span> <span class='ocrx_word' id='word_1_44' title='bbox 762 707 922 788; x_wconf 85' lang='lat' dir='ltr'><strong>integram</strong></span> <span class='ocrx_word' id='word_1_45' title='bbox 946 707 1013 774; x_wconf 88' lang='lat' dir='ltr'><strong>fere</strong></span> <span class='ocrx_word' id='word_1_46' title='bbox 1035 707 1182 772; x_wconf 80' lang='lat' dir='ltr'><strong>Donatus</strong></span> <span class='ocrx_word' id='word_1_47' title='bbox 1206 705 1394 772; x_wconf 84' lang='lat' dir='ltr'><strong>eSuetonio</strong></span> <span class='ocrx_word' id='word_1_48' title='bbox 1417 706 1452 769; x_wconf 93' lang='lat' dir='ltr'><strong>in</strong></span> <span class='ocrx_word' id='word_1_49' title='bbox 1475 723 1564 770; x_wconf 69' lang='lat' dir='ltr'><strong>corn⁴</strong></span> 
     </span>
     <span class='ocr_line' id='line_1_7' title="bbox 218 793 1565 876; baseline -0.001 -16"><span class='ocrx_word' id='word_1_50' title='bbox 218 796 417 862; x_wconf 83' lang='lat' dir='ltr'><strong>monterium</strong></span> <span class='ocrx_word' id='word_1_51' title='bbox 439 814 535 860; x_wconf 92' lang='lat' dir='ltr'><strong>suum</strong></span> <span class='ocrx_word' id='word_1_52' title='bbox 558 795 599 859; x_wconf 93' lang='lat' dir='ltr'><strong>ad</strong></span> <span class='ocrx_word' id='word_1_53' title='bbox 622 793 766 860; x_wconf 81' lang='lat' dir='ltr'><strong>Terentii</strong></span> <span class='ocrx_word' id='word_1_54' title='bbox 796 793 984 860; x_wconf 80' lang='lat' dir='ltr'><strong>comoedias</strong></span> <span class='ocrx_word' id='word_1_55' title='bbox 1015 795 1191 874; x_wconf 81' lang='lat' dir='ltr'><strong>transtulit,</strong></span> <span class='ocrx_word' id='word_1_56' title='bbox 1226 794 1366 876; x_wconf 86' lang='lat' dir='ltr'><strong>perspici</strong></span> <span class='ocrx_word' id='word_1_57' title='bbox 1390 799 1508 874; x_wconf 86' lang='lat' dir='ltr'><strong>potest,</strong></span> <span class='ocrx_word' id='word_1_58' title='bbox 1532 799 1565 858; x_wconf 87' lang='lat' dir='ltr'><strong>et</strong></span> 
     </span>
     <span class='ocr_line' id='line_1_8' title="bbox 219 879 1565 964; baseline -0.003 -16"><span class='ocrx_word' id='word_1_59' title='bbox 219 881 518 960; x_wconf 75' lang='lat' dir='ltr'><strong>exsimilitudine²t</strong></span> <span class='ocrx_word' id='word_1_60' title='bbox 543 882 659 962; x_wconf 88' lang='lat' dir='ltr'><strong>elucet,</strong></span> <span class='ocrx_word' id='word_1_61' title='bbox 679 900 764 964; x_wconf 89' lang='lat' dir='ltr'><strong>quae</strong></span> <span class='ocrx_word' id='word_1_62' title='bbox 786 881 957 948; x_wconf 88' lang='lat' dir='ltr'><strong>intercedit</strong></span> <span class='ocrx_word' id='word_1_63' title='bbox 980 883 1066 948; x_wconf 89' lang='lat' dir='ltr'><strong>inter</strong></span> <span class='ocrx_word' id='word_1_64' title='bbox 1087 883 1187 948; x_wconf 79' lang='lat' dir='ltr'><strong>vitam</strong></span> <span class='ocrx_word' id='word_1_65' title='bbox 1214 879 1435 960; x_wconf 79' lang='lat' dir='ltr'><strong>Vergilionem</strong></span> <span class='ocrx_word' id='word_1_66' title='bbox 1458 899 1478 942; x_wconf 92' lang='lat' dir='ltr'><strong>a</strong></span> <span class='ocrx_word' id='word_1_67' title='bbox 1499 879 1565 962; x_wconf 48' lang='lat' dir='ltr'><strong>Do,⁴</strong></span> 
     </span>
     <span class='ocr_line' id='line_1_9' title="bbox 154 967 1562 1056; baseline -0.002 -22"><span class='ocrx_word' id='word_1_68' title='bbox 154 979 157 985; x_wconf 88' lang='lat'>&#39;</span> <span class='ocrx_word' id='word_1_69' title='bbox 218 978 297 1036; x_wconf 92' lang='lat' dir='ltr'><strong>nato</strong></span> <span class='ocrx_word' id='word_1_70' title='bbox 331 967 531 1052; x_wconf 85' lang='lat' dir='ltr'><strong>descriptam</strong></span> <span class='ocrx_word' id='word_1_71' title='bbox 562 979 595 1035; x_wconf 91' lang='lat' dir='ltr'><strong>et</strong></span> <span class='ocrx_word' id='word_1_72' title='bbox 630 971 716 1035; x_wconf 90' lang='lat' dir='ltr'><strong>inter</strong></span> <span class='ocrx_word' id='word_1_73' title='bbox 757 975 852 1034; x_wconf 89' lang='lat' dir='ltr'><strong>notas</strong></span> <span class='ocrx_word' id='word_1_74' title='bbox 882 967 1077 1056; x_wconf 76' lang='lat' dir='ltr'><strong>Hieronymi</strong></span> <span class='ocrx_word' id='word_1_75' title='bbox 1111 970 1154 1033; x_wconf 86' lang='lat' dir='ltr'><strong>ad</strong></span> <span class='ocrx_word' id='word_1_76' title='bbox 1184 968 1322 1048; x_wconf 84' lang='lat' dir='ltr'><strong>Vergilii</strong></span> <span class='ocrx_word' id='word_1_77' title='bbox 1345 969 1446 1032; x_wconf 84' lang='lat' dir='ltr'><strong>vitam</strong></span> <span class='ocrx_word' id='word_1_78' title='bbox 1469 984 1562 1050; x_wconf 88' lang='lat' dir='ltr'><strong>spec-</strong></span> 
     </span>
     <span class='ocr_line' id='line_1_10' title="bbox 216 1063 336 1124; baseline -0.025 -2"><span class='ocrx_word' id='word_1_79' title='bbox 216 1063 336 1124; x_wconf 90' lang='lat' dir='ltr'><strong>tantes.</strong></span> 
     </span>
    </p>

    <p class='ocr_par' dir='ltr' id='par_1_3' title="bbox 182 1141 1564 2623">
     <span class='ocr_line' id='line_1_11' title="bbox 321 1141 1564 1224; baseline -0.001 -17"><span class='ocrx_word' id='word_1_80' title='bbox 321 1143 402 1209; x_wconf 90' lang='lat' dir='ltr'><strong>Inde</strong></span> <span class='ocrx_word' id='word_1_81' title='bbox 425 1151 545 1221; x_wconf 91' lang='lat' dir='ltr'><strong>autem,</strong></span> <span class='ocrx_word' id='word_1_82' title='bbox 556 1141 644 1224; x_wconf 89' lang='lat' dir='ltr'><strong>quod</strong></span> <span class='ocrx_word' id='word_1_83' title='bbox 657 1141 774 1209; x_wconf 87' lang='lat' dir='ltr'><strong>Donati</strong></span> <span class='ocrx_word' id='word_1_84' title='bbox 788 1143 1011 1208; x_wconf 90' lang='lat' dir='ltr'><strong>testimonium</strong></span> <span class='ocrx_word' id='word_1_85' title='bbox 1022 1143 1109 1207; x_wconf 88' lang='lat' dir='ltr'><strong>laud.</strong></span> <span class='ocrx_word' id='word_1_86' title='bbox 1122 1162 1140 1207; x_wconf 92' lang='lat' dir='ltr'><strong>e</strong></span> <span class='ocrx_word' id='word_1_87' title='bbox 1152 1141 1321 1221; x_wconf 84' lang='lat' dir='ltr'><strong>Suetonio,</strong></span> <span class='ocrx_word' id='word_1_88' title='bbox 1336 1160 1434 1224; x_wconf 86' lang='lat' dir='ltr'><strong>quem</strong></span> <span class='ocrx_word' id='word_1_89' title='bbox 1445 1159 1564 1222; x_wconf 86' lang='lat' dir='ltr'><strong>magna</strong></span> 
     </span>
     <span class='ocr_line' id='line_1_12' title="bbox 218 1227 1564 1312; baseline -0.002 -16"><span class='ocrx_word' id='word_1_90' title='bbox 218 1231 414 1296; x_wconf 87' lang='lat' dir='ltr'><strong>auctoritate</strong></span> <span class='ocrx_word' id='word_1_91' title='bbox 452 1233 648 1312; x_wconf 87' lang='lat' dir='ltr'><strong>scriptorem</strong></span> <span class='ocrx_word' id='word_1_92' title='bbox 680 1250 780 1312; x_wconf 90' lang='lat' dir='ltr'><strong>supra</strong></span> <span class='ocrx_word' id='word_1_93' title='bbox 812 1231 961 1305; x_wconf 77' lang='lat' dir='ltr'><strong>diximus„</strong></span> <span class='ocrx_word' id='word_1_94' title='bbox 987 1231 1089 1310; x_wconf 84' lang='lat' dir='ltr'><strong>fluxit,</strong></span> <span class='ocrx_word' id='word_1_95' title='bbox 1123 1229 1243 1295; x_wconf 88' lang='lat' dir='ltr'><strong>Donati</strong></span> <span class='ocrx_word' id='word_1_96' title='bbox 1266 1231 1368 1293; x_wconf 84' lang='lat' dir='ltr'><strong>verba</strong></span> <span class='ocrx_word' id='word_1_97' title='bbox 1390 1228 1475 1293; x_wconf 86' lang='lat' dir='ltr'><strong>laud.</strong></span> <span class='ocrx_word' id='word_1_98' title='bbox 1500 1227 1564 1294; x_wconf 88' lang='lat' dir='ltr'><strong>fide</strong></span> 
     </span>
     <span class='ocr_line' id='line_1_13' title="bbox 217 1316 1559 1400; baseline -0.002 -17"><span class='ocrx_word' id='word_1_99' title='bbox 217 1316 314 1398; x_wconf 81' lang='lat' dir='ltr'><strong>digna</strong></span> <span class='ocrx_word' id='word_1_100' title='bbox 337 1337 410 1384; x_wconf 89' lang='lat' dir='ltr'><strong>esse</strong></span> <span class='ocrx_word' id='word_1_101' title='bbox 434 1318 499 1382; x_wconf 88' lang='lat' dir='ltr'><strong>iam</strong></span> <span class='ocrx_word' id='word_1_102' title='bbox 521 1325 608 1382; x_wconf 91' lang='lat' dir='ltr'><strong>recte</strong></span> <span class='ocrx_word' id='word_1_103' title='bbox 633 1318 827 1384; x_wconf 89' lang='lat' dir='ltr'><strong>concludere</strong></span> <span class='ocrx_word' id='word_1_104' title='bbox 854 1337 1036 1400; x_wconf 86' lang='lat' dir='ltr'><strong>possemus,</strong></span> <span class='ocrx_word' id='word_1_105' title='bbox 1059 1316 1124 1381; x_wconf 91' lang='lat' dir='ltr'><strong>nisi</strong></span> <span class='ocrx_word' id='word_1_106' title='bbox 1149 1318 1278 1382; x_wconf 90' lang='lat' dir='ltr'><strong>iudiciis</strong></span> <span class='ocrx_word' id='word_1_107' title='bbox 1302 1317 1388 1380; x_wconf 89' lang='lat' dir='ltr'><strong>doct.</strong></span> <span class='ocrx_word' id='word_1_108' title='bbox 1413 1317 1559 1380; x_wconf 84' lang='lat' dir='ltr'><strong>virorum</strong></span> 
     </span>
     <span class='ocr_line' id='line_1_14' title="bbox 217 1401 1562 1488; baseline -0.003 -16"><span class='ocrx_word' id='word_1_109' title='bbox 217 1407 478 1488; x_wconf 84' lang='lat' dir='ltr'><strong>prohiberemur,</strong></span> <span class='ocrx_word' id='word_1_110' title='bbox 488 1405 544 1488; x_wconf 87' lang='lat' dir='ltr'><strong>qui</strong></span> <span class='ocrx_word' id='word_1_111' title='bbox 560 1403 678 1469; x_wconf 88' lang='lat' dir='ltr'><strong>Donati</strong></span> <span class='ocrx_word' id='word_1_112' title='bbox 691 1405 777 1470; x_wconf 90' lang='lat' dir='ltr'><strong>laud.</strong></span> <span class='ocrx_word' id='word_1_113' title='bbox 802 1405 1026 1470; x_wconf 81' lang='lat' dir='ltr'><strong>testImoninm</strong></span> <span class='ocrx_word' id='word_1_114' title='bbox 1040 1405 1278 1470; x_wconf 87' lang='lat' dir='ltr'><strong>commenticiis</strong></span> <span class='ocrx_word' id='word_1_115' title='bbox 1303 1401 1562 1486; x_wconf 84' lang='lat' dir='ltr'><strong>interpolationi-</strong></span> 
     </span>
     <span class='ocr_line' id='line_1_15' title="bbox 217 1491 1563 1574; baseline 0 -16"><span class='ocrx_word' id='word_1_116' title='bbox 217 1493 279 1558; x_wconf 90' lang='lat' dir='ltr'><strong>bus</strong></span> <span class='ocrx_word' id='word_1_117' title='bbox 323 1493 529 1572; x_wconf 84' lang='lat' dir='ltr'><strong>inquirratum</strong></span> <span class='ocrx_word' id='word_1_118' title='bbox 560 1491 779 1574; x_wconf 89' lang='lat' dir='ltr'><strong>suspicantur.</strong></span> <span class='ocrx_word' id='word_1_119' title='bbox 826 1493 950 1570; x_wconf 85' lang='lat' dir='ltr'><strong>Quibus</strong></span> <span class='ocrx_word' id='word_1_120' title='bbox 983 1493 1202 1557; x_wconf 85' lang='lat' dir='ltr'><strong>adnumerant</strong></span> <span class='ocrx_word' id='word_1_121' title='bbox 1247 1491 1408 1574; x_wconf 87' lang='lat' dir='ltr'><strong>imprimis</strong></span> <span class='ocrx_word' id='word_1_122' title='bbox 1442 1491 1563 1558; x_wconf 80' lang='lat' dir='ltr'><strong>verba:</strong></span> 
     </span>
     <span class='ocr_line' id='line_1_16' title="bbox 220 1575 1558 1664; baseline -0.003 -20"><span class='ocrx_word' id='word_1_123' title='bbox 220 1600 338 1662; x_wconf 86' lang='lat' dir='ltr'><strong>,qnam</strong></span> <span class='ocrx_word' id='word_1_124' title='bbox 364 1579 446 1663; x_wconf 83' lang='lat' dir='ltr'><strong>(scil.</strong></span> <span class='ocrx_word' id='word_1_125' title='bbox 471 1587 578 1662; x_wconf 89' lang='lat' dir='ltr'><strong>togam</strong></span> <span class='ocrx_word' id='word_1_126' title='bbox 603 1577 743 1662; x_wconf 82' lang='lat' dir='ltr'><strong>virilem)</strong></span> <span class='ocrx_word' id='word_1_127' title='bbox 756 1578 828 1644; x_wconf 88' lang='lat' dir='ltr'><strong>XV.</strong></span> <span class='ocrx_word' id='word_1_128' title='bbox 839 1600 937 1659; x_wconf 89' lang='lat' dir='ltr'><strong>anno,</strong></span> <span class='ocrx_word' id='word_1_129' title='bbox 962 1581 1063 1644; x_wconf 89' lang='lat' dir='ltr'><strong>natali</strong></span> <span class='ocrx_word' id='word_1_130' title='bbox 1086 1598 1156 1646; x_wconf 79' lang='lat' dir='ltr'><strong>suo.</strong></span> <span class='ocrx_word' id='word_1_131' title='bbox 1181 1580 1265 1662; x_wconf 89' lang='lat' dir='ltr'><strong>cepit</strong></span> <span class='ocrx_word' id='word_1_132' title='bbox 1281 1578 1362 1654; x_wconf 79' lang='lat' dir='ltr'><strong>(scil.</strong></span> <span class='ocrx_word' id='word_1_133' title='bbox 1380 1575 1558 1664; x_wconf 84' lang='lat' dir='ltr'><strong>Vergilius)</strong></span> 
     </span>
     <span class='ocr_line' id='line_1_17' title="bbox 215 1666 1562 1749; baseline -0.002 -18"><span class='ocrx_word' id='word_1_134' title='bbox 215 1668 320 1734; x_wconf 90' lang='lat' dir='ltr'><strong>isdem</strong></span> <span class='ocrx_word' id='word_1_135' title='bbox 332 1667 397 1731; x_wconf 92' lang='lat' dir='ltr'><strong>illis</strong></span> <span class='ocrx_word' id='word_1_136' title='bbox 412 1667 602 1732; x_wconf 90' lang='lat' dir='ltr'><strong>consulibus</strong></span> <span class='ocrx_word' id='word_1_137' title='bbox 614 1668 732 1730; x_wconf 90' lang='lat' dir='ltr'><strong>iterum</strong></span> <span class='ocrx_word' id='word_1_138' title='bbox 749 1666 888 1748; x_wconf 90' lang='lat' dir='ltr'><strong>duobus,</strong></span> <span class='ocrx_word' id='word_1_139' title='bbox 914 1668 1031 1749; x_wconf 87' lang='lat' dir='ltr'><strong>quibus</strong></span> <span class='ocrx_word' id='word_1_140' title='bbox 1044 1674 1115 1732; x_wconf 91' lang='lat' dir='ltr'><strong>erat</strong></span> <span class='ocrx_word' id='word_1_141' title='bbox 1138 1675 1246 1744; x_wconf 80' lang='lat' dir='ltr'><strong>natue,</strong></span> <span class='ocrx_word' id='word_1_142' title='bbox 1259 1666 1440 1746; x_wconf 86' lang='lat' dir='ltr'><strong>evenitque,</strong></span> <span class='ocrx_word' id='word_1_143' title='bbox 1464 1670 1501 1727; x_wconf 88' lang='lat' dir='ltr'><strong>ut</strong></span> <span class='ocrx_word' id='word_1_144' title='bbox 1523 1683 1562 1730; x_wconf 93' lang='lat' dir='ltr'><strong>eo</strong></span> 
     </span>
     <span class='ocr_line' id='line_1_18' title="bbox 182 1749 1562 1836; baseline -0.001 -18"><span class='ocrx_word' id='word_1_145' title='bbox 182 1775 184 1782; x_wconf 70' lang='grc'><em>’</em></span> <span class='ocrx_word' id='word_1_146' title='bbox 217 1751 289 1836; x_wconf 90' lang='lat' dir='ltr'><strong>ipso</strong></span> <span class='ocrx_word' id='word_1_147' title='bbox 306 1755 367 1820; x_wconf 92' lang='lat' dir='ltr'><strong>die</strong></span> <span class='ocrx_word' id='word_1_148' title='bbox 391 1753 566 1818; x_wconf 85' lang='lat' dir='ltr'><strong>Lucretius</strong></span> <span class='ocrx_word' id='word_1_149' title='bbox 609 1753 812 1836; x_wconf 87' lang='lat' dir='ltr'><strong>decederet“,</strong></span> <span class='ocrx_word' id='word_1_150' title='bbox 848 1773 952 1836; x_wconf 83' lang='lat' dir='ltr'><strong>eaque</strong></span> <span class='ocrx_word' id='word_1_151' title='bbox 986 1753 1026 1818; x_wconf 91' lang='lat' dir='ltr'><strong>de</strong></span> <span class='ocrx_word' id='word_1_152' title='bbox 1049 1773 1148 1818; x_wconf 88' lang='lat' dir='ltr'><strong>causa</strong></span> <span class='ocrx_word' id='word_1_153' title='bbox 1193 1749 1281 1836; x_wconf 85' lang='lat' dir='ltr'><strong>quod</strong></span> <span class='ocrx_word' id='word_1_154' title='bbox 1304 1754 1325 1817; x_wconf 96' lang='lat' dir='ltr'><strong>l.</strong></span> <span class='ocrx_word' id='word_1_155' title='bbox 1357 1754 1366 1818; x_wconf 96' lang='lat' dir='ltr'><strong>l</strong></span> <span class='ocrx_word' id='word_1_156' title='bbox 1401 1751 1562 1831; x_wconf 90' lang='lat' dir='ltr'><strong>Vergilius</strong></span> 
     </span>
     <span class='ocr_line' id='line_1_19' title="bbox 218 1835 1561 1923; baseline -0.003 -17"><span class='ocrx_word' id='word_1_157' title='bbox 218 1851 328 1921; x_wconf 90' lang='lat' dir='ltr'><strong>togam</strong></span> <span class='ocrx_word' id='word_1_158' title='bbox 365 1841 492 1906; x_wconf 88' lang='lat' dir='ltr'><strong>virilem</strong></span> <span class='ocrx_word' id='word_1_159' title='bbox 525 1837 597 1906; x_wconf 87' lang='lat' dir='ltr'><strong>XV.</strong></span> <span class='ocrx_word' id='word_1_160' title='bbox 633 1858 731 1919; x_wconf 85' lang='lat' dir='ltr'><strong>anne,</strong></span> <span class='ocrx_word' id='word_1_161' title='bbox 756 1843 812 1923; x_wconf 91' lang='lat' dir='ltr'><strong>qui</strong></span> <span class='ocrx_word' id='word_1_162' title='bbox 841 1861 948 1906; x_wconf 86' lang='lat' dir='ltr'><strong>annus</strong></span> <span class='ocrx_word' id='word_1_163' title='bbox 981 1843 1206 1906; x_wconf 85' lang='lat' dir='ltr'><strong>Romanorum</strong></span> <span class='ocrx_word' id='word_1_164' title='bbox 1240 1841 1326 1904; x_wconf 89' lang='lat' dir='ltr'><strong>mori</strong></span> <span class='ocrx_word' id='word_1_165' title='bbox 1358 1835 1561 1922; x_wconf 78' lang='lat' dir='ltr'><strong>repugnet,³)</strong></span> 
     </span>
     <span class='ocr_line' id='line_1_20' title="bbox 217 1924 1563 2011; baseline -0.003 -17"><span class='ocrx_word' id='word_1_166' title='bbox 217 1930 396 2011; x_wconf 88' lang='lat' dir='ltr'><strong>sumpsisse</strong></span> <span class='ocrx_word' id='word_1_167' title='bbox 421 1928 550 1992; x_wconf 84' lang='lat' dir='ltr'><strong>dicatur</strong></span> <span class='ocrx_word' id='word_1_168' title='bbox 584 1933 737 2009; x_wconf 86' lang='lat' dir='ltr'><strong>quodque</strong></span> <span class='ocrx_word' id='word_1_169' title='bbox 759 1930 983 1994; x_wconf 80' lang='lat' dir='ltr'><strong>testImoninm</strong></span> <span class='ocrx_word' id='word_1_170' title='bbox 1008 1927 1093 1992; x_wconf 89' lang='lat' dir='ltr'><strong>laud.</strong></span> <span class='ocrx_word' id='word_1_171' title='bbox 1118 1927 1294 1994; x_wconf 84' lang='lat' dir='ltr'><strong>manifesta</strong></span> <span class='ocrx_word' id='word_1_172' title='bbox 1317 1924 1563 2008; x_wconf 67' lang='lat' dir='ltr'><strong>medicandae</strong></span> 
     </span>
     <span class='ocr_line' id='line_1_21' title="bbox 217 2009 1564 2098; baseline -0.003 -20"><span class='ocrx_word' id='word_1_173' title='bbox 217 2019 362 2096; x_wconf 86' lang='lat' dir='ltr'><strong>vocatur,</strong></span> <span class='ocrx_word' id='word_1_174' title='bbox 408 2015 502 2096; x_wconf 87' lang='lat' dir='ltr'><strong>signa</strong></span> <span class='ocrx_word' id='word_1_175' title='bbox 546 2021 644 2098; x_wconf 89' lang='lat' dir='ltr'><strong>atque</strong></span> <span class='ocrx_word' id='word_1_176' title='bbox 668 2015 789 2080; x_wconf 86' lang='lat' dir='ltr'><strong>indicia</strong></span> <span class='ocrx_word' id='word_1_177' title='bbox 812 2017 973 2084; x_wconf 82' lang='lat' dir='ltr'><strong>exhibeat.</strong></span> <span class='ocrx_word' id='word_1_178' title='bbox 998 2015 1208 2080; x_wconf 87' lang='lat' dir='ltr'><strong>Contendunt</strong></span> <span class='ocrx_word' id='word_1_179' title='bbox 1232 2017 1329 2092; x_wconf 90' lang='lat' dir='ltr'><strong>enim,</strong></span> <span class='ocrx_word' id='word_1_180' title='bbox 1365 2031 1416 2079; x_wconf 87' lang='lat' dir='ltr'><strong>res</strong></span> <span class='ocrx_word' id='word_1_181' title='bbox 1443 2009 1564 2091; x_wconf 85' lang='lat' dir='ltr'><strong>,natali</strong></span> 
     </span>
     <span class='ocr_line' id='line_1_22' title="bbox 217 2097 1562 2184; baseline -0.001 -18"><span class='ocrx_word' id='word_1_182' title='bbox 217 2111 308 2182; x_wconf 75' lang='lat' dir='ltr'><strong>suo‘,</strong></span> <span class='ocrx_word' id='word_1_183' title='bbox 343 2103 465 2181; x_wconf 87' lang='lat' dir='ltr'><strong>„isdem</strong></span> <span class='ocrx_word' id='word_1_184' title='bbox 488 2102 552 2166; x_wconf 90' lang='lat' dir='ltr'><strong>illis</strong></span> <span class='ocrx_word' id='word_1_185' title='bbox 575 2102 811 2168; x_wconf 88' lang='lat' dir='ltr'><strong>consulibus...</strong></span> <span class='ocrx_word' id='word_1_186' title='bbox 836 2104 1027 2169; x_wconf 85' lang='lat' dir='ltr'><strong>decederet“</strong></span> <span class='ocrx_word' id='word_1_187' title='bbox 1066 2121 1104 2168; x_wconf 93' lang='lat' dir='ltr'><strong>eo</strong></span> <span class='ocrx_word' id='word_1_188' title='bbox 1131 2111 1288 2184; x_wconf 90' lang='lat' dir='ltr'><strong>tempore,</strong></span> <span class='ocrx_word' id='word_1_189' title='bbox 1313 2121 1378 2184; x_wconf 87' lang='lat' dir='ltr'><strong>quo</strong></span> <span class='ocrx_word' id='word_1_190' title='bbox 1401 2097 1562 2180; x_wconf 88' lang='lat' dir='ltr'><strong>Vergilius</strong></span> 
     </span>
     <span class='ocr_line' id='line_1_23' title="bbox 217 2189 1562 2274; baseline -0.001 -20"><span class='ocrx_word' id='word_1_191' title='bbox 217 2203 278 2274; x_wconf 89' lang='lat' dir='ltr'><strong>pro</strong></span> <span class='ocrx_word' id='word_1_192' title='bbox 308 2209 405 2269; x_wconf 88' lang='lat' dir='ltr'><strong>mago</strong></span> <span class='ocrx_word' id='word_1_193' title='bbox 437 2195 470 2254; x_wconf 91' lang='lat' dir='ltr'><strong>et</strong></span> <span class='ocrx_word' id='word_1_194' title='bbox 492 2191 727 2254; x_wconf 87' lang='lat' dir='ltr'><strong>miraculorum</strong></span> <span class='ocrx_word' id='word_1_195' title='bbox 773 2197 908 2255; x_wconf 85' lang='lat' dir='ltr'><strong>auctore</strong></span> <span class='ocrx_word' id='word_1_196' title='bbox 939 2189 1071 2254; x_wconf 90' lang='lat' dir='ltr'><strong>habitus</strong></span> <span class='ocrx_word' id='word_1_197' title='bbox 1103 2189 1212 2254; x_wconf 86' lang='lat' dir='ltr'><strong>divino</strong></span> <span class='ocrx_word' id='word_1_198' title='bbox 1239 2190 1333 2272; x_wconf 80' lang='lat' dir='ltr'><strong>quasi</strong></span> <span class='ocrx_word' id='word_1_199' title='bbox 1356 2190 1482 2254; x_wconf 89' lang='lat' dir='ltr'><strong>honore</strong></span> <span class='ocrx_word' id='word_1_200' title='bbox 1506 2207 1562 2252; x_wconf 93' lang='lat' dir='ltr'><strong>co-</strong></span> 
     </span>
     <span class='ocr_line' id='line_1_24' title="bbox 215 2275 1561 2360; baseline -0.001 -16"><span class='ocrx_word' id='word_1_201' title='bbox 215 2279 349 2355; x_wconf 88' lang='lat' dir='ltr'><strong>leretur,</strong></span> <span class='ocrx_word' id='word_1_202' title='bbox 395 2283 601 2342; x_wconf 88' lang='lat' dir='ltr'><strong>commentas</strong></span> <span class='ocrx_word' id='word_1_203' title='bbox 648 2296 722 2342; x_wconf 89' lang='lat' dir='ltr'><strong>esse</strong></span> <span class='ocrx_word' id='word_1_204' title='bbox 746 2277 787 2342; x_wconf 89' lang='lat' dir='ltr'><strong>ab</strong></span> <span class='ocrx_word' id='word_1_205' title='bbox 811 2278 944 2342; x_wconf 91' lang='lat' dir='ltr'><strong>homine</strong></span> <span class='ocrx_word' id='word_1_206' title='bbox 976 2279 1119 2359; x_wconf 85' lang='lat' dir='ltr'><strong>quodam</strong></span> <span class='ocrx_word' id='word_1_207' title='bbox 1152 2277 1379 2360; x_wconf 90' lang='lat' dir='ltr'><strong>superstitioso</strong></span> <span class='ocrx_word' id='word_1_208' title='bbox 1413 2282 1445 2339; x_wconf 91' lang='lat' dir='ltr'><strong>et</strong></span> <span class='ocrx_word' id='word_1_209' title='bbox 1479 2275 1561 2342; x_wconf 85' lang='lat' dir='ltr'><strong>mira</strong></span> 
     </span>
     <span class='ocr_line' id='line_1_25' title="bbox 218 2361 1562 2446; baseline -0.001 -16"><span class='ocrx_word' id='word_1_210' title='bbox 218 2367 399 2434; x_wconf 82' lang='lat' dir='ltr'><strong>affectante,</strong></span> <span class='ocrx_word' id='word_1_211' title='bbox 424 2361 486 2429; x_wconf 93' lang='lat' dir='ltr'><strong>hoc</strong></span> <span class='ocrx_word' id='word_1_212' title='bbox 511 2364 634 2428; x_wconf 89' lang='lat' dir='ltr'><strong>scilicet</strong></span> <span class='ocrx_word' id='word_1_213' title='bbox 659 2365 808 2443; x_wconf 86' lang='lat' dir='ltr'><strong>consilio,</strong></span> <span class='ocrx_word' id='word_1_214' title='bbox 834 2373 869 2429; x_wconf 91' lang='lat' dir='ltr'><strong>ut</strong></span> <span class='ocrx_word' id='word_1_215' title='bbox 891 2366 1073 2446; x_wconf 83' lang='lat' dir='ltr'><strong>insignibus</strong></span> <span class='ocrx_word' id='word_1_216' title='bbox 1096 2370 1130 2428; x_wconf 91' lang='lat' dir='ltr'><strong>et</strong></span> <span class='ocrx_word' id='word_1_217' title='bbox 1152 2363 1357 2428; x_wconf 83' lang='lat' dir='ltr'><strong>miraculosis</strong></span> <span class='ocrx_word' id='word_1_218' title='bbox 1382 2361 1562 2440; x_wconf 69' lang='lat' dir='ltr'><strong>eventibus</strong></span> 
     </span>
     <span class='ocr_line' id='line_1_26' title="bbox 216 2449 1562 2536; baseline -0.001 -20"><span class='ocrx_word' id='word_1_219' title='bbox 216 2451 333 2536; x_wconf 87' lang='lat' dir='ltr'><strong>quibus</strong></span> <span class='ocrx_word' id='word_1_220' title='bbox 359 2451 488 2531; x_wconf 89' lang='lat' dir='ltr'><strong>Vergilii</strong></span> <span class='ocrx_word' id='word_1_221' title='bbox 522 2451 649 2516; x_wconf 86' lang='lat' dir='ltr'><strong>natales</strong></span> <span class='ocrx_word' id='word_1_222' title='bbox 682 2453 921 2531; x_wconf 86' lang='lat' dir='ltr'><strong>exornavisset,</strong></span> <span class='ocrx_word' id='word_1_223' title='bbox 956 2459 1073 2534; x_wconf 87' lang='lat' dir='ltr'><strong>poetae</strong></span> <span class='ocrx_word' id='word_1_224' title='bbox 1108 2451 1334 2516; x_wconf 87' lang='lat' dir='ltr'><strong>celebritatem</strong></span> <span class='ocrx_word' id='word_1_225' title='bbox 1368 2454 1401 2516; x_wconf 91' lang='lat' dir='ltr'><strong>et</strong></span> <span class='ocrx_word' id='word_1_226' title='bbox 1423 2449 1562 2529; x_wconf 88' lang='lat' dir='ltr'><strong>gloriam</strong></span> 
     </span>
     <span class='ocr_line' id='line_1_27' title="bbox 215 2536 1564 2623; baseline -0.001 -19"><span class='ocrx_word' id='word_1_227' title='bbox 215 2537 243 2604; x_wconf 89' lang='lat' dir='ltr'><strong>si</strong></span> <span class='ocrx_word' id='word_1_228' title='bbox 266 2541 424 2604; x_wconf 79' lang='lat' dir='ltr'><strong>nificaret.</strong></span> <span class='ocrx_word' id='word_1_229' title='bbox 449 2537 534 2618; x_wconf 84' lang='lat' dir='ltr'><strong>(Vid.</strong></span> <span class='ocrx_word' id='word_1_230' title='bbox 567 2536 622 2602; x_wconf 81' lang='lat' dir='ltr'><strong>Fr.</strong></span> <span class='ocrx_word' id='word_1_231' title='bbox 653 2539 756 2618; x_wconf 91' lang='lat' dir='ltr'><strong>Polle,</strong></span> <span class='ocrx_word' id='word_1_232' title='bbox 790 2539 934 2620; x_wconf 86' lang='lat' dir='ltr'><strong>Philolog</strong></span> <span class='ocrx_word' id='word_1_233' title='bbox 968 2548 990 2604; x_wconf 91' lang='lat' dir='ltr'><strong>t.</strong></span> <span class='ocrx_word' id='word_1_234' title='bbox 1014 2537 1132 2604; x_wconf 85' lang='lat' dir='ltr'><strong>XXVI.</strong></span> <span class='ocrx_word' id='word_1_235' title='bbox 1158 2537 1282 2623; x_wconf 88' lang='grc'>(1867.)</span> <span class='ocrx_word' id='word_1_236' title='bbox 1305 2559 1337 2622; x_wconf 89' lang='lat' dir='ltr'><strong>p.</strong></span> <span class='ocrx_word' id='word_1_237' title='bbox 1360 2539 1421 2603; x_wconf 86' lang='grc'><strong>561</strong></span> <span class='ocrx_word' id='word_1_238' title='bbox 1448 2557 1496 2621; x_wconf 85' lang='lat' dir='ltr'><strong>sq.</strong></span> <span class='ocrx_word' id='word_1_239' title='bbox 1520 2571 1564 2586; x_wconf 90' lang='lat'><em>-</em></span> 
     </span>
    </p>

    <p class='ocr_par' dir='ltr' id='par_1_4' title="bbox 213 2615 1565 2884">
     <span class='ocr_line' id='line_1_28' title="bbox 259 2615 1561 2710; baseline -0.003 -18"><span class='ocrx_word' id='word_1_240' title='bbox 259 2621 365 2706; x_wconf 87' lang='lat' dir='ltr'><strong>oltjer,</strong></span> <span class='ocrx_word' id='word_1_241' title='bbox 397 2623 431 2690; x_wconf 89' lang='lat' dir='ltr'><strong>in</strong></span> <span class='ocrx_word' id='word_1_242' title='bbox 464 2623 623 2690; x_wconf 86' lang='lat' dir='ltr'><strong>Fleckeis.</strong></span> <span class='ocrx_word' id='word_1_243' title='bbox 640 2627 750 2691; x_wconf 89' lang='lat' dir='ltr'><strong>annal.</strong></span> <span class='ocrx_word' id='word_1_244' title='bbox 783 2627 861 2708; x_wconf 88' lang='lat' dir='ltr'><strong>phil.</strong></span> <span class='ocrx_word' id='word_1_245' title='bbox 896 2635 909 2692; x_wconf 92' lang='lat' dir='ltr'><strong>t</strong></span> <span class='ocrx_word' id='word_1_246' title='bbox 948 2629 1016 2694; x_wconf 86' lang='grc'>129.</span> <span class='ocrx_word' id='word_1_247' title='bbox 1041 2627 1085 2710; x_wconf 86' lang='lat' dir='ltr'><strong>(a.</strong></span> <span class='ocrx_word' id='word_1_248' title='bbox 1112 2624 1219 2709; x_wconf 80' lang='lat'><strong>1884.)</strong></span> <span class='ocrx_word' id='word_1_249' title='bbox 1243 2647 1273 2708; x_wconf 89' lang='lat' dir='ltr'><strong>p.</strong></span> <span class='ocrx_word' id='word_1_250' title='bbox 1302 2627 1362 2692; x_wconf 84' lang='grc'><strong>136</strong></span> <span class='ocrx_word' id='word_1_251' title='bbox 1395 2615 1561 2706; x_wconf 73' lang='lat' dir='ltr'><strong>sn-rr.</strong></span> 
     </span>
     <span class='ocr_line' id='line_1_29' title="bbox 213 2710 1564 2799; baseline 0.001 -22"><span class='ocrx_word' id='word_1_252' title='bbox 213 2710 449 2779; x_wconf 86' lang='lat' dir='ltr'><strong>Bockemiiller.</strong></span> <span class='ocrx_word' id='word_1_253' title='bbox 496 2711 638 2776; x_wconf 89' lang='lat' dir='ltr'><strong>Lucretii</strong></span> <span class='ocrx_word' id='word_1_254' title='bbox 661 2731 772 2792; x_wconf 88' lang='lat' dir='ltr'><strong>carm,</strong></span> <span class='ocrx_word' id='word_1_255' title='bbox 817 2719 895 2780; x_wconf 92' lang='lat' dir='ltr'><strong>tom.</strong></span> <span class='ocrx_word' id='word_1_256' title='bbox 930 2713 953 2779; x_wconf 82' lang='lat' dir='ltr'><strong>l.</strong></span> <span class='ocrx_word' id='word_1_257' title='bbox 977 2735 1007 2798; x_wconf 91' lang='lat' dir='ltr'><strong>p.</strong></span> <span class='ocrx_word' id='word_1_258' title='bbox 1033 2723 1062 2778; x_wconf 84' lang='lat'><strong>4.</strong></span> <span class='ocrx_word' id='word_1_259' title='bbox 1086 2734 1134 2799; x_wconf 91' lang='lat' dir='ltr'><strong>sq.</strong></span> <span class='ocrx_word' id='word_1_260' title='bbox 1160 2711 1207 2778; x_wconf 82' lang='lat' dir='ltr'><strong>dt</strong></span> <span class='ocrx_word' id='word_1_261' title='bbox 1232 2714 1329 2780; x_wconf 90' lang='lat' dir='ltr'><strong>etiam</strong></span> <span class='ocrx_word' id='word_1_262' title='bbox 1353 2711 1396 2777; x_wconf 90' lang='lat' dir='ltr'><strong>H.</strong></span> <span class='ocrx_word' id='word_1_263' title='bbox 1422 2713 1564 2794; x_wconf 86' lang='lat' dir='ltr'><strong>Sauppe,</strong></span> 
     </span>
     <span class='ocr_line' id='line_1_30' title="bbox 218 2795 1565 2884; baseline -0.001 -20"><span class='ocrx_word' id='word_1_264' title='bbox 218 2795 436 2884; x_wconf 77' lang='lat' dir='ltr'><strong>Quaestiones</strong></span> <span class='ocrx_word' id='word_1_265' title='bbox 459 2799 598 2880; x_wconf 88' lang='lat' dir='ltr'><strong>Lucret,</strong></span> <span class='ocrx_word' id='word_1_266' title='bbox 617 2801 650 2864; x_wconf 90' lang='lat' dir='ltr'><strong>in</strong></span> <span class='ocrx_word' id='word_1_267' title='bbox 674 2801 779 2866; x_wconf 82' lang='lat' dir='ltr'><strong>indIce</strong></span> <span class='ocrx_word' id='word_1_268' title='bbox 802 2801 939 2867; x_wconf 83' lang='lat' dir='ltr'><strong>scholar.</strong></span> <span class='ocrx_word' id='word_1_269' title='bbox 963 2799 1060 2866; x_wconf 87' lang='lat' dir='ltr'><strong>Univ.</strong></span> <span class='ocrx_word' id='word_1_270' title='bbox 1085 2803 1225 2882; x_wconf 88' lang='lat' dir='ltr'><strong>Gotting.</strong></span> <span class='ocrx_word' id='word_1_271' title='bbox 1252 2803 1343 2867; x_wconf 79' lang='lat'><strong>1880.</strong></span> <span class='ocrx_word' id='word_1_272' title='bbox 1367 2819 1446 2865; x_wconf 88' lang='lat' dir='ltr'><strong>sem.</strong></span> <span class='ocrx_word' id='word_1_273' title='bbox 1470 2799 1565 2880; x_wconf 92' lang='lat' dir='ltr'><strong>aest.)</strong></span> 
     </span>
    </p>
   </div>
   <div class='ocr_carea' id='block_1_3' title="bbox 212 2904 1565 3162">
    <p class='ocr_par' dir='ltr' id='par_1_5' title="bbox 212 2904 1565 3162">
     <span class='ocr_line' id='line_1_31' title="bbox 320 2904 1565 2988; baseline 0 -18"><span class='ocrx_word' id='word_1_274' title='bbox 320 2904 355 2970; x_wconf 85' lang='lat' dir='ltr'><strong>Si</strong></span> <span class='ocrx_word' id='word_1_275' title='bbox 376 2924 456 2970; x_wconf 88' lang='lat' dir='ltr'><strong>vero</strong></span> <span class='ocrx_word' id='word_1_276' title='bbox 480 2905 600 2985; x_wconf 86' lang='lat' dir='ltr'><strong>omnia,</strong></span> <span class='ocrx_word' id='word_1_277' title='bbox 635 2925 719 2986; x_wconf 86' lang='lat' dir='ltr'><strong>quae</strong></span> <span class='ocrx_word' id='word_1_278' title='bbox 742 2912 858 2970; x_wconf 90' lang='lat' dir='ltr'><strong>contra</strong></span> <span class='ocrx_word' id='word_1_279' title='bbox 881 2907 1000 2972; x_wconf 88' lang='lat' dir='ltr'><strong>Donati</strong></span> <span class='ocrx_word' id='word_1_280' title='bbox 1024 2909 1120 2972; x_wconf 89' lang='lat' dir='ltr'><strong>tidem</strong></span> <span class='ocrx_word' id='word_1_281' title='bbox 1144 2907 1308 2988; x_wconf 86' lang='lat' dir='ltr'><strong>disputata</strong></span> <span class='ocrx_word' id='word_1_282' title='bbox 1333 2913 1421 2979; x_wconf 92' lang='lat' dir='ltr'><strong>sunt,</strong></span> <span class='ocrx_word' id='word_1_283' title='bbox 1444 2905 1565 2970; x_wconf 85' lang='lat' dir='ltr'><strong>acriter</strong></span> 
     </span>
     <span class='ocr_line' id='line_1_32' title="bbox 216 2987 1565 3143; baseline -0.003 -85"><span class='ocrx_word' id='word_1_284' title='bbox 216 2992 437 3143; x_wconf 52' lang='lat' dir='ltr'><strong>perpencillegis,</strong></span> <span class='ocrx_word' id='word_1_285' title='bbox 471 2993 564 3076; x_wconf 90' lang='lat' dir='ltr'><strong>plura</strong></span> <span class='ocrx_word' id='word_1_286' title='bbox 601 3013 682 3059; x_wconf 87' lang='lat' dir='ltr'><strong>sane</strong></span> <span class='ocrx_word' id='word_1_287' title='bbox 705 2997 740 3058; x_wconf 90' lang='lat' dir='ltr'><strong>in</strong></span> <span class='ocrx_word' id='word_1_288' title='bbox 765 2995 811 3058; x_wconf 90' lang='lat' dir='ltr'><strong>eis</strong></span> <span class='ocrx_word' id='word_1_289' title='bbox 835 2995 985 3076; x_wconf 86' lang='lat' dir='ltr'><strong>speciosa</strong></span> <span class='ocrx_word' id='word_1_290' title='bbox 1023 2997 1132 3060; x_wconf 88' lang='lat' dir='ltr'><strong>inesse</strong></span> <span class='ocrx_word' id='word_1_291' title='bbox 1156 3013 1254 3075; x_wconf 89' lang='lat' dir='ltr'><strong>quam</strong></span> <span class='ocrx_word' id='word_1_292' title='bbox 1286 3011 1364 3058; x_wconf 88' lang='lat' dir='ltr'><strong>vera</strong></span> <span class='ocrx_word' id='word_1_293' title='bbox 1387 2991 1481 3056; x_wconf 86' lang='lat' dir='ltr'><strong>facile</strong></span> <span class='ocrx_word' id='word_1_294' title='bbox 1503 2987 1565 3056; x_wconf 89' lang='lat' dir='ltr'><strong>tibi</strong></span> 
     </span>
     <span class='ocr_line' id='line_1_33' title="bbox 212 3097 426 3162; baseline -0.009 -18"><span class='ocrx_word' id='word_1_295' title='bbox 212 3097 332 3162; x_wconf 89' lang='lat' dir='ltr'><strong>persua</strong></span> <span class='ocrx_word' id='word_1_296' title='bbox 356 3099 373 3144; x_wconf 92' lang='lat' dir='ltr'><strong>e</strong></span> <span class='ocrx_word' id='word_1_297' title='bbox 398 3100 426 3143; x_wconf 86' lang='lat' dir='ltr'><strong>rs</strong></span> 
     </span>
    </p>
   </div>
   <div class='ocr_carea' id='block_1_4' title="bbox 213 3184 1564 3356">
    <p class='ocr_par' dir='ltr' id='par_1_6' title="bbox 213 3184 1564 3356">
     <span class='ocr_line' id='line_1_34' title="bbox 318 3184 1564 3268; baseline 0 -18"><span class='ocrx_word' id='word_1_298' title='bbox 318 3185 367 3250; x_wconf 85' lang='lat' dir='ltr'><strong>Ac</strong></span> <span class='ocrx_word' id='word_1_299' title='bbox 391 3186 530 3266; x_wconf 89' lang='lat' dir='ltr'><strong>primum</strong></span> <span class='ocrx_word' id='word_1_300' title='bbox 590 3185 676 3267; x_wconf 90' lang='lat' dir='ltr'><strong>quod</strong></span> <span class='ocrx_word' id='word_1_301' title='bbox 711 3186 752 3250; x_wconf 90' lang='lat' dir='ltr'><strong>ad</strong></span> <span class='ocrx_word' id='word_1_302' title='bbox 790 3204 914 3250; x_wconf 87' lang='lat' dir='ltr'><strong>annum</strong></span> <span class='ocrx_word' id='word_1_303' title='bbox 941 3190 1003 3264; x_wconf 79' lang='lat' dir='ltr'><strong>ld,</strong></span> <span class='ocrx_word' id='word_1_304' title='bbox 1028 3205 1093 3268; x_wconf 91' lang='lat' dir='ltr'><strong>quo</strong></span> <span class='ocrx_word' id='word_1_305' title='bbox 1116 3184 1278 3264; x_wconf 84' lang='lat' dir='ltr'><strong>Vergilius</strong></span> <span class='ocrx_word' id='word_1_306' title='bbox 1301 3194 1411 3264; x_wconf 88' lang='lat' dir='ltr'><strong>togam</strong></span> <span class='ocrx_word' id='word_1_307' title='bbox 1434 3186 1564 3252; x_wconf 89' lang='lat' dir='ltr'><strong>virilem</strong></span> 
     </span>
     <span class='ocr_line' id='line_1_35' title="bbox 213 3271 1562 3356; baseline 0.001 -20"><span class='ocrx_word' id='word_1_308' title='bbox 213 3272 342 3352; x_wconf 85' lang='lat' dir='ltr'><strong>cepisse</strong></span> <span class='ocrx_word' id='word_1_309' title='bbox 387 3271 533 3352; x_wconf 89' lang='lat' dir='ltr'><strong>traditur,</strong></span> <span class='ocrx_word' id='word_1_310' title='bbox 580 3275 706 3349; x_wconf 87' lang='lat' dir='ltr'><strong>attinet,</strong></span> <span class='ocrx_word' id='word_1_311' title='bbox 746 3272 828 3338; x_wconf 92' lang='lat' dir='ltr'><strong>nihil</strong></span> <span class='ocrx_word' id='word_1_312' title='bbox 857 3273 1004 3352; x_wconf 87' lang='lat' dir='ltr'><strong>subesse,</strong></span> <span class='ocrx_word' id='word_1_313' title='bbox 1037 3287 1103 3356; x_wconf 82' lang='lat' dir='ltr'><strong>quo</strong></span> <span class='ocrx_word' id='word_1_314' title='bbox 1136 3273 1197 3336; x_wconf 81' lang='lat' dir='ltr'><strong>riri</strong></span> <span class='ocrx_word' id='word_1_315' title='bbox 1221 3274 1309 3338; x_wconf 88' lang='lat' dir='ltr'><strong>docti</strong></span> <span class='ocrx_word' id='word_1_316' title='bbox 1355 3273 1562 3338; x_wconf 78' lang='lat' dir='ltr'><strong>offendantur</strong></span> 
     </span>
    </p>
   </div>
   <div class='ocr_carea' id='block_1_5' title="bbox 206 3564 1617 4474">
    <p class='ocr_par' dir='ltr' id='par_1_7' title="bbox 319 3564 1183 3636">
     <span class='ocr_line' id='line_1_36' title="bbox 319 3564 1183 3636; baseline -0.001 -18"><span class='ocrx_word' id='word_1_317' title='bbox 319 3567 339 3632; x_wconf 87' lang='lat'><strong>¹)</strong></span> <span class='ocrx_word' id='word_1_318' title='bbox 358 3565 421 3620; x_wconf 90' lang='lat' dir='ltr'><strong>Vid.</strong></span> <span class='ocrx_word' id='word_1_319' title='bbox 442 3567 556 3620; x_wconf 73' lang='lat' dir='ltr'><strong>sueton.</strong></span> <span class='ocrx_word' id='word_1_320' title='bbox 576 3565 619 3622; x_wconf 90' lang='lat' dir='ltr'><strong>ed.</strong></span> <span class='ocrx_word' id='word_1_321' title='bbox 639 3567 714 3622; x_wconf 90' lang='lat' dir='ltr'><strong>Roth</strong></span> <span class='ocrx_word' id='word_1_322' title='bbox 744 3583 771 3636; x_wconf 91' lang='lat' dir='ltr'><strong>p.</strong></span> <span class='ocrx_word' id='word_1_323' title='bbox 791 3567 935 3622; x_wconf 82' lang='lat' dir='ltr'><strong>LXXVIII</strong></span> <span class='ocrx_word' id='word_1_324' title='bbox 954 3583 994 3634; x_wconf 84' lang='lat' dir='ltr'><strong>sq.</strong></span> <span class='ocrx_word' id='word_1_325' title='bbox 1014 3569 1042 3620; x_wconf 86' lang='lat' dir='ltr'><strong>et</strong></span> <span class='ocrx_word' id='word_1_326' title='bbox 1061 3564 1121 3619; x_wconf 79' lang='lat'><strong>291.</strong></span> <span class='ocrx_word' id='word_1_327' title='bbox 1143 3582 1183 3633; x_wconf 87' lang='lat' dir='ltr'><strong>sq.</strong></span> 
     </span>
    </p>

    <p class='ocr_par' dir='ltr' id='par_1_8' title="bbox 210 3633 1563 3773">
     <span class='ocr_line' id='line_1_37' title="bbox 316 3633 1563 3706; baseline 0 -16"><span class='ocrx_word' id='word_1_328' title='bbox 316 3635 340 3698; x_wconf 78' lang='lat'><strong>²)</strong></span> <span class='ocrx_word' id='word_1_329' title='bbox 358 3636 422 3690; x_wconf 92' lang='lat' dir='ltr'><strong>Vid.</strong></span> <span class='ocrx_word' id='word_1_330' title='bbox 440 3639 556 3690; x_wconf 87' lang='lat' dir='ltr'><strong>nostrae</strong></span> <span class='ocrx_word' id='word_1_331' title='bbox 583 3636 794 3691; x_wconf 85' lang='lat' dir='ltr'><strong>dissertationis</strong></span> <span class='ocrx_word' id='word_1_332' title='bbox 814 3653 838 3706; x_wconf 92' lang='lat' dir='ltr'><strong>p.</strong></span> <span class='ocrx_word' id='word_1_333' title='bbox 859 3639 883 3690; x_wconf 87' lang='lat'><strong>3.</strong></span> <span class='ocrx_word' id='word_1_334' title='bbox 920 3641 979 3692; x_wconf 88' lang='lat' dir='ltr'><strong>not.</strong></span> <span class='ocrx_word' id='word_1_335' title='bbox 999 3638 1034 3704; x_wconf 87' lang='grc'><strong>1.,</strong></span> <span class='ocrx_word' id='word_1_336' title='bbox 1053 3635 1101 3688; x_wconf 93' lang='lat' dir='ltr'><strong>ubi</strong></span> <span class='ocrx_word' id='word_1_337' title='bbox 1121 3636 1231 3689; x_wconf 79' lang='lat' dir='ltr'><strong>slmiles</strong></span> <span class='ocrx_word' id='word_1_338' title='bbox 1246 3638 1394 3704; x_wconf 84' lang='lat' dir='ltr'><strong>utriusque</strong></span> <span class='ocrx_word' id='word_1_339' title='bbox 1414 3633 1563 3706; x_wconf 85' lang='lat' dir='ltr'><strong>scriptoris</strong></span> 
     </span>
     <span class='ocr_line' id='line_1_38' title="bbox 210 3704 583 3773; baseline 0 -15"><span class='ocrx_word' id='word_1_340' title='bbox 210 3704 290 3760; x_wconf 90' lang='lat' dir='ltr'><strong>locos</strong></span> <span class='ocrx_word' id='word_1_341' title='bbox 309 3706 430 3760; x_wconf 87' lang='lat' dir='ltr'><strong>collatos</strong></span> <span class='ocrx_word' id='word_1_342' title='bbox 448 3705 583 3773; x_wconf 87' lang='lat' dir='ltr'><strong>reperies.</strong></span> 
     </span>
    </p>

    <p class='ocr_par' dir='ltr' id='par_1_9' title="bbox 206 3774 1617 4474">
     <span class='ocr_line' id='line_1_39' title="bbox 315 3774 1563 3845; baseline 0.002 -17"><span class='ocrx_word' id='word_1_343' title='bbox 315 3776 338 3845; x_wconf 86' lang='lat'><strong>³)</strong></span> <span class='ocrx_word' id='word_1_344' title='bbox 360 3774 406 3828; x_wconf 87' lang='lat' dir='ltr'><strong>Sic</strong></span> <span class='ocrx_word' id='word_1_345' title='bbox 424 3774 551 3829; x_wconf 87' lang='lat' dir='ltr'><strong>iudicant</strong></span> <span class='ocrx_word' id='word_1_346' title='bbox 588 3775 745 3844; x_wconf 88' lang='lat' dir='ltr'><strong>Woltjerus</strong></span> <span class='ocrx_word' id='word_1_347' title='bbox 763 3777 781 3830; x_wconf 93' lang='lat' dir='ltr'><strong>l.</strong></span> <span class='ocrx_word' id='word_1_348' title='bbox 802 3793 825 3830; x_wconf 93' lang='lat' dir='ltr'><strong>c.</strong></span> <span class='ocrx_word' id='word_1_349' title='bbox 845 3780 873 3831; x_wconf 89' lang='lat' dir='ltr'><strong>et</strong></span> <span class='ocrx_word' id='word_1_350' title='bbox 894 3776 959 3839; x_wconf 88' lang='lat' dir='ltr'><strong>alli;</strong></span> <span class='ocrx_word' id='word_1_351' title='bbox 998 3775 1137 3844; x_wconf 86' lang='lat' dir='ltr'><strong>exemplis</strong></span> <span class='ocrx_word' id='word_1_352' title='bbox 1175 3776 1249 3829; x_wconf 90' lang='lat' dir='ltr'><strong>enim</strong></span> <span class='ocrx_word' id='word_1_353' title='bbox 1279 3775 1396 3844; x_wconf 87' lang='lat' dir='ltr'><strong>abipso</strong></span> <span class='ocrx_word' id='word_1_354' title='bbox 1426 3775 1563 3831; x_wconf 84' lang='lat' dir='ltr'><strong>Cicerone</strong></span> 
     </span>
     <span class='ocr_line' id='line_1_40' title="bbox 209 3843 1560 3914; baseline 0.003 -18"><span class='ocrx_word' id='word_1_355' title='bbox 209 3843 328 3912; x_wconf 76' lang='lat' dir='ltr'><strong>eiusque</strong></span> <span class='ocrx_word' id='word_1_356' title='bbox 348 3845 385 3913; x_wconf 75' lang='grc'><strong>(1)</strong></span> <span class='ocrx_word' id='word_1_357' title='bbox 406 3849 434 3900; x_wconf 86' lang='lat' dir='ltr'><strong>ct</strong></span> <span class='ocrx_word' id='word_1_358' title='bbox 453 3843 549 3914; x_wconf 77' lang='lat' dir='ltr'><strong>Quinti</strong></span> <span class='ocrx_word' id='word_1_359' title='bbox 568 3846 663 3900; x_wconf 68' lang='lat' dir='ltr'><strong>fratris</strong></span> <span class='ocrx_word' id='word_1_360' title='bbox 683 3845 742 3900; x_wconf 87' lang='lat' dir='ltr'><strong>filio</strong></span> <span class='ocrx_word' id='word_1_361' title='bbox 762 3847 893 3914; x_wconf 83' lang='lat' dir='ltr'><strong>sumptis,</strong></span> <span class='ocrx_word' id='word_1_362' title='bbox 921 3846 968 3913; x_wconf 81' lang='lat' dir='ltr'><strong>qui</strong></span> <span class='ocrx_word' id='word_1_363' title='bbox 985 3849 1080 3912; x_wconf 88' lang='lat' dir='ltr'><strong>togam</strong></span> <span class='ocrx_word' id='word_1_364' title='bbox 1105 3846 1222 3899; x_wconf 80' lang='lat' dir='ltr'><strong>virilem.</strong></span> <span class='ocrx_word' id='word_1_365' title='bbox 1239 3847 1279 3900; x_wconf 83' lang='lat'><strong>16.</strong></span> <span class='ocrx_word' id='word_1_366' title='bbox 1299 3861 1373 3900; x_wconf 88' lang='lat' dir='ltr'><strong>anno</strong></span> <span class='ocrx_word' id='word_1_367' title='bbox 1393 3849 1494 3900; x_wconf 80' lang='lat' dir='ltr'><strong>exacto</strong></span> <span class='ocrx_word' id='word_1_368' title='bbox 1515 3861 1560 3900; x_wconf 89' lang='lat' dir='ltr'><strong>ce·</strong></span> 
     </span>
     <span class='ocr_line' id='line_1_41' title="bbox 209 3915 1561 3984; baseline 0 -16"><span class='ocrx_word' id='word_1_369' title='bbox 209 3918 319 3984; x_wconf 71' lang='lat' dir='ltr'><strong>parunt,</strong></span> <span class='ocrx_word' id='word_1_370' title='bbox 358 3915 476 3980; x_wconf 81' lang='lat' dir='ltr'><strong>probare</strong></span> <span class='ocrx_word' id='word_1_371' title='bbox 508 3919 654 3982; x_wconf 82' lang='lat' dir='ltr'><strong>conantur,</strong></span> <span class='ocrx_word' id='word_1_372' title='bbox 683 3916 786 3970; x_wconf 84' lang='lat' dir='ltr'><strong>aetatis</strong></span> <span class='ocrx_word' id='word_1_373' title='bbox 815 3915 982 3970; x_wconf 78' lang='lat' dir='ltr'><strong>cicerculae</strong></span> <span class='ocrx_word' id='word_1_374' title='bbox 1009 3917 1156 3969; x_wconf 84' lang='lat' dir='ltr'><strong>Romanos</strong></span> <span class='ocrx_word' id='word_1_375' title='bbox 1183 3915 1260 3968; x_wconf 83' lang='lat' dir='ltr'><strong>vitae</strong></span> <span class='ocrx_word' id='word_1_376' title='bbox 1282 3916 1320 3970; x_wconf 86' lang='grc'><strong>16.</strong></span> <span class='ocrx_word' id='word_1_377' title='bbox 1349 3931 1423 3969; x_wconf 88' lang='lat' dir='ltr'><strong>anno</strong></span> <span class='ocrx_word' id='word_1_378' title='bbox 1460 3918 1561 3969; x_wconf 87' lang='lat' dir='ltr'><strong>exacto</strong></span> 
     </span>
     <span class='ocr_line' id='line_1_42' title="bbox 211 3978 1562 4054; baseline 0.001 -18"><span class='ocrx_word' id='word_1_379' title='bbox 211 3985 293 4054; x_wconf 68' lang='lat' dir='ltr'><strong>togas</strong></span> <span class='ocrx_word' id='word_1_380' title='bbox 310 3984 409 4038; x_wconf 81' lang='lat' dir='ltr'><strong>viriles</strong></span> <span class='ocrx_word' id='word_1_381' title='bbox 431 3999 533 4051; x_wconf 84' lang='lat' dir='ltr'><strong>capere</strong></span> <span class='ocrx_word' id='word_1_382' title='bbox 552 3985 652 4040; x_wconf 85' lang='lat' dir='ltr'><strong>solitos</strong></span> <span class='ocrx_word' id='word_1_383' title='bbox 672 3999 748 4040; x_wconf 81' lang='lat' dir='ltr'><strong>esse.</strong></span> <span class='ocrx_word' id='word_1_384' title='bbox 776 3987 924 4040; x_wconf 79' lang='lat' dir='ltr'><strong>Teuffelus</strong></span> <span class='ocrx_word' id='word_1_385' title='bbox 943 3986 973 4040; x_wconf 90' lang='lat' dir='ltr'><strong>in</strong></span> <span class='ocrx_word' id='word_1_386' title='bbox 993 3986 1107 4054; x_wconf 85' lang='lat' dir='ltr'><strong>Encyct.</strong></span> <span class='ocrx_word' id='word_1_387' title='bbox 1127 3985 1194 4038; x_wconf 84' lang='lat' dir='ltr'><strong>real.</strong></span> <span class='ocrx_word' id='word_1_388' title='bbox 1215 4001 1237 4038; x_wconf 88' lang='lat' dir='ltr'><strong>s.</strong></span> <span class='ocrx_word' id='word_1_389' title='bbox 1255 3999 1281 4040; x_wconf 87' lang='lat' dir='ltr'><strong>v.</strong></span> <span class='ocrx_word' id='word_1_390' title='bbox 1300 3983 1476 4052; x_wconf 86' lang='lat' dir='ltr'><strong>„tirocinium</strong></span> <span class='ocrx_word' id='word_1_391' title='bbox 1491 3978 1562 4038; x_wconf 75' lang='lat' dir='ltr'><strong>iori“</strong></span> 
     </span>
     <span class='ocr_line' id='line_1_43' title="bbox 210 4049 1562 4124; baseline 0 -16"><span class='ocrx_word' id='word_1_392' title='bbox 210 4049 350 4114; x_wconf 76' lang='lat' dir='ltr'><strong>Murcum.</strong></span> <span class='ocrx_word' id='word_1_393' title='bbox 368 4055 490 4110; x_wconf 83' lang='lat' dir='ltr'><strong>oratoris</strong></span> <span class='ocrx_word' id='word_1_394' title='bbox 510 4055 608 4120; x_wconf 86' lang='lat' dir='ltr'><strong>tilium,</strong></span> <span class='ocrx_word' id='word_1_395' title='bbox 627 4071 701 4108; x_wconf 82' lang='lat' dir='ltr'><strong>anno</strong></span> <span class='ocrx_word' id='word_1_396' title='bbox 721 4056 825 4110; x_wconf 74' lang='lat' dir='ltr'><strong>aetatis</strong></span> <span class='ocrx_word' id='word_1_397' title='bbox 843 4057 901 4111; x_wconf 83' lang='lat' dir='ltr'><strong>XV.</strong></span> <span class='ocrx_word' id='word_1_398' title='bbox 921 4058 1022 4109; x_wconf 83' lang='lat' dir='ltr'><strong>exacto</strong></span> <span class='ocrx_word' id='word_1_399' title='bbox 1042 4058 1138 4123; x_wconf 82' lang='lat' dir='ltr'><strong>togam</strong></span> <span class='ocrx_word' id='word_1_400' title='bbox 1157 4054 1269 4108; x_wconf 86' lang='lat' dir='ltr'><strong>virilem</strong></span> <span class='ocrx_word' id='word_1_401' title='bbox 1298 4054 1409 4124; x_wconf 86' lang='lat' dir='ltr'><strong>cepisse</strong></span> <span class='ocrx_word' id='word_1_402' title='bbox 1430 4055 1516 4110; x_wconf 77' lang='lat' dir='ltr'><strong>tradit</strong></span> <span class='ocrx_word' id='word_1_403' title='bbox 1533 4057 1562 4110; x_wconf 86' lang='lat' dir='ltr'><strong>et</strong></span> 
     </span>
     <span class='ocr_line' id='line_1_44' title="bbox 209 4123 1611 4196; baseline 0.001 -20"><span class='ocrx_word' id='word_1_404' title='bbox 209 4126 287 4177; x_wconf 79' lang='lat' dir='ltr'><strong>recte</strong></span> <span class='ocrx_word' id='word_1_405' title='bbox 306 4124 437 4193; x_wconf 72' lang='lat' dir='ltr'><strong>nitidem:</strong></span> <span class='ocrx_word' id='word_1_406' title='bbox 468 4139 534 4179; x_wconf 92' lang='lat' dir='ltr'><strong>nam</strong></span> <span class='ocrx_word' id='word_1_407' title='bbox 564 4127 688 4192; x_wconf 84' lang='lat' dir='ltr'><strong>Marcus,</strong></span> <span class='ocrx_word' id='word_1_408' title='bbox 702 4125 750 4196; x_wconf 81' lang='lat' dir='ltr'><strong>qni</strong></span> <span class='ocrx_word' id='word_1_409' title='bbox 770 4129 886 4180; x_wconf 81' lang='lat' dir='ltr'><strong>anctore</strong></span> <span class='ocrx_word' id='word_1_410' title='bbox 908 4125 1045 4180; x_wconf 82' lang='lat' dir='ltr'><strong>Cicerone</strong></span> <span class='ocrx_word' id='word_1_411' title='bbox 1063 4124 1127 4178; x_wconf 90' lang='lat' dir='ltr'><strong>ine</strong></span> <span class='ocrx_word' id='word_1_412' title='bbox 1150 4167 1155 4178; x_wconf 93' lang='lat'><strong>.</strong></span> <span class='ocrx_word' id='word_1_413' title='bbox 1175 4124 1211 4177; x_wconf 88' lang='lat' dir='ltr'><strong>ad</strong></span> <span class='ocrx_word' id='word_1_414' title='bbox 1230 4125 1287 4178; x_wconf 78' lang='lat' dir='ltr'><strong>nn.</strong></span> <span class='ocrx_word' id='word_1_415' title='bbox 1309 4125 1330 4180; x_wconf 89' lang='lat' dir='ltr'><strong>l.</strong></span> <span class='ocrx_word' id='word_1_416' title='bbox 1349 4127 1374 4182; x_wconf 69' lang='lat'><strong>2.</strong></span> <span class='ocrx_word' id='word_1_417' title='bbox 1394 4127 1418 4179; x_wconf 90' lang='lat'><strong>1.</strong></span> <span class='ocrx_word' id='word_1_418' title='bbox 1438 4127 1469 4179; x_wconf 78' lang='lat'><strong>1..</strong></span> <span class='ocrx_word' id='word_1_419' title='bbox 1487 4123 1561 4178; x_wconf 85' lang='lat' dir='ltr'><strong>lulio</strong></span> <span class='ocrx_word' id='word_1_420' title='bbox 1608 4182 1611 4196; x_wconf 54' lang='lat'><strong>,</strong></span> 
     </span>
     <span class='ocr_line' id='line_1_45' title="bbox 211 4135 1617 4318; baseline 0.004 -72"><span class='ocrx_word' id='word_1_421' title='bbox 211 4193 335 4248; x_wconf 76' lang='lat' dir='ltr'><strong>caesare</strong></span> <span class='ocrx_word' id='word_1_422' title='bbox 355 4192 384 4249; x_wconf 83' lang='lat' dir='ltr'><strong>O.</strong></span> <span class='ocrx_word' id='word_1_423' title='bbox 403 4189 512 4250; x_wconf 81' lang='lat' dir='ltr'><strong>Marcio</strong></span> <span class='ocrx_word' id='word_1_424' title='bbox 536 4196 637 4264; x_wconf 83' lang='lat' dir='ltr'><strong>FIgulo</strong></span> <span class='ocrx_word' id='word_1_425' title='bbox 657 4211 734 4249; x_wconf 82' lang='lat' dir='ltr'><strong>coss.</strong></span> <span class='ocrx_word' id='word_1_426' title='bbox 761 4195 919 4264; x_wconf 82' lang='lat' dir='ltr'><strong>designatis</strong></span> <span class='ocrx_word' id='word_1_427' title='bbox 937 4196 989 4250; x_wconf 76' lang='grc'><strong>698</strong></span> <span class='ocrx_word' id='word_1_428' title='bbox 1008 4209 1033 4248; x_wconf 80' lang='lat' dir='ltr'><strong>a.</strong></span> <span class='ocrx_word' id='word_1_429' title='bbox 1052 4135 1150 4318; x_wconf 55' lang='grc' dir='ltr'><strong>11.εᾷ</strong></span> <span class='ocrx_word' id='word_1_430' title='bbox 1169 4210 1193 4248; x_wconf 82' lang='lat' dir='ltr'><strong>a.</strong></span> <span class='ocrx_word' id='word_1_431' title='bbox 1215 4191 1277 4250; x_wconf 83' lang='lat' dir='ltr'><strong>Chr.</strong></span> <span class='ocrx_word' id='word_1_432' title='bbox 1296 4199 1380 4250; x_wconf 86' lang='lat' dir='ltr'><strong>natus</strong></span> <span class='ocrx_word' id='word_1_433' title='bbox 1399 4200 1469 4263; x_wconf 75' lang='lat' dir='ltr'><strong>erat,</strong></span> <span class='ocrx_word' id='word_1_434' title='bbox 1487 4198 1561 4248; x_wconf 80' lang='lat' dir='ltr'><strong>teste</strong></span> <span class='ocrx_word' id='word_1_435' title='bbox 1598 4202 1617 4260; x_wconf 65' lang='lat' dir='ltr'><strong>i.</strong></span> 
     </span>
     <span class='ocr_line' id='line_1_46' title="bbox 209 4261 1560 4334; baseline 0 -16"><span class='ocrx_word' id='word_1_436' title='bbox 209 4261 313 4318; x_wconf 70' lang='lat' dir='ltr'><strong>codem</strong></span> <span class='ocrx_word' id='word_1_437' title='bbox 354 4265 490 4319; x_wconf 80' lang='lat' dir='ltr'><strong>Cicerone</strong></span> <span class='ocrx_word' id='word_1_438' title='bbox 508 4265 538 4318; x_wconf 92' lang='lat' dir='ltr'><strong>in</strong></span> <span class='ocrx_word' id='word_1_439' title='bbox 557 4281 600 4334; x_wconf 89' lang='lat' dir='ltr'><strong>ep.</strong></span> <span class='ocrx_word' id='word_1_440' title='bbox 620 4265 656 4319; x_wconf 77' lang='lat' dir='ltr'><strong>od</strong></span> <span class='ocrx_word' id='word_1_441' title='bbox 683 4265 996 4332; x_wconf 68' lang='lat' dir='ltr'><strong>altinatem,</strong></span> <span class='ocrx_word' id='word_1_442' title='bbox 1018 4268 1056 4321; x_wconf 88' lang='grc'><strong>19.</strong></span> <span class='ocrx_word' id='word_1_443' title='bbox 1079 4269 1103 4324; x_wconf 81' lang='lat' dir='ltr'><strong>t,</strong></span> <span class='ocrx_word' id='word_1_444' title='bbox 1132 4279 1215 4332; x_wconf 86' lang='lat' dir='ltr'><strong>ogam</strong></span> <span class='ocrx_word' id='word_1_445' title='bbox 1247 4263 1358 4318; x_wconf 83' lang='lat' dir='ltr'><strong>virilem</strong></span> <span class='ocrx_word' id='word_1_446' title='bbox 1395 4265 1519 4333; x_wconf 82' lang='lat' dir='ltr'><strong>sumpsit</strong></span> <span class='ocrx_word' id='word_1_447' title='bbox 1536 4281 1560 4319; x_wconf 78' lang='lat' dir='ltr'><strong>o.</strong></span> 
     </span>
     <span class='ocr_line' id='line_1_47' title="bbox 208 4329 1561 4403; baseline 0 -16"><span class='ocrx_word' id='word_1_448' title='bbox 208 4349 236 4388; x_wconf 93' lang='lat' dir='ltr'><strong>u.</strong></span> <span class='ocrx_word' id='word_1_449' title='bbox 251 4335 303 4386; x_wconf 80' lang='lat'><strong>705</strong></span> <span class='ocrx_word' id='word_1_450' title='bbox 316 4337 402 4390; x_wconf 76' lang='lat' dir='ltr'><strong>:ta</strong></span> <span class='ocrx_word' id='word_1_451' title='bbox 424 4351 449 4391; x_wconf 88' lang='lat' dir='ltr'><strong>a.</strong></span> <span class='ocrx_word' id='word_1_452' title='bbox 470 4335 533 4388; x_wconf 81' lang='lat' dir='ltr'><strong>Chr.</strong></span> <span class='ocrx_word' id='word_1_453' title='bbox 553 4351 653 4390; x_wconf 90' lang='lat' dir='ltr'><strong>mense</strong></span> <span class='ocrx_word' id='word_1_454' title='bbox 672 4335 780 4392; x_wconf 81' lang='lat' dir='ltr'><strong>Martio.</strong></span> <span class='ocrx_word' id='word_1_455' title='bbox 801 4335 891 4403; x_wconf 78' lang='lat' dir='ltr'><strong>Quam</strong></span> <span class='ocrx_word' id='word_1_456' title='bbox 911 4337 1027 4390; x_wconf 83' lang='lat' dir='ltr'><strong>obrem</strong></span> <span class='ocrx_word' id='word_1_457' title='bbox 1048 4329 1178 4402; x_wconf 81' lang='lat' dir='ltr'><strong>Woltjeri</strong></span> <span class='ocrx_word' id='word_1_458' title='bbox 1198 4334 1286 4388; x_wconf 85' lang='lat' dir='ltr'><strong>verba</strong></span> <span class='ocrx_word' id='word_1_459' title='bbox 1304 4347 1391 4402; x_wconf 80' lang='lat' dir='ltr'><strong>supra</strong></span> <span class='ocrx_word' id='word_1_460' title='bbox 1409 4337 1561 4390; x_wconf 69' lang='lat' dir='ltr'><strong>afferente!</strong></span> 
     </span>
     <span class='ocr_line' id='line_1_48' title="bbox 206 4403 716 4474; baseline 0.002 -16"><span class='ocrx_word' id='word_1_461' title='bbox 206 4403 272 4460; x_wconf 81' lang='lat' dir='ltr'><strong>voci</strong></span> <span class='ocrx_word' id='word_1_462' title='bbox 293 4404 444 4474; x_wconf 84' lang='lat' dir='ltr'><strong>,eiusque“</strong></span> <span class='ocrx_word' id='word_1_463' title='bbox 465 4405 501 4472; x_wconf 74' lang='lat'><strong>(2²)</strong></span> <span class='ocrx_word' id='word_1_464' title='bbox 521 4405 716 4474; x_wconf 83' lang='lat' dir='ltr'><strong>apposuimus.</strong></span> 
     </span>
    </p>
   </div>
   <div class='ocr_carea' id='block_1_6' title="bbox 0 0 1710 5168">
    <p class='ocr_par' dir='ltr' id='par_1_10' title="bbox 0 0 1710 5168">
     <span class='ocr_line' id='line_1_49' title="bbox 0 0 1710 5168; baseline 0 2"><span class='ocrx_word' id='word_1_465' title='bbox 0 0 1710 5168; x_wconf 95' lang='lat' dir='ltr'><strong> </strong></span> 
     </span>
    </p>
   </div>
  </div>
 </body>
</html>
