3410 5168
844 316 865 374 4

174 517 325 581 versione
348 516 644 598 deprehenduntur,
667 519 719 582 vel
751 519 931 584 memoriae
969 520 1064 599 lapsu
1087 519 1138 582 vel
1163 518 1374 584 festinatione
1407 517 1522 582 Hiero-

176 604 275 685 nymi,
300 623 365 684 qua
380 604 459 668 illud
483 624 566 685 opus
589 605 746 686 scriptum
769 619 844 671 esse
866 607 936 686 ipse
948 607 1118 687 profitetur
1135 606 1223 684 (Eue.
1249 603 1367 670 Chron.
1391 605 1453 669 vol.
1478 602 1522 668 II.

176 713 207 774 p.
230 689 383 757 XXVIII.
406 698 474 756 not.
499 698 528 757 2.
553 692 602 756 ed.
629 692 805 774 Schoene)‚
829 693 922 758 facile
953 699 1160 758 excusantur.
1194 693 1232 757 ln
1256 694 1450 756 universum
1473 698 1524 756 ta-

177 798 252 844 men
282 779 498 844 aestimantes
530 779 619 844 baud
648 779 777 863 iniquos
818 799 877 844 nos
904 785 1074 862 praestare
1100 780 1290 865 «ridebimur
1318 780 1457 853 iudices.
1490 779 1519 842 si

175 865 415 948 Hieronymum
438 866 477 932 de
500 867 702 954 temporibus
725 868 866 952 vitisque
888 868 1114 932 Romanorum
1140 869 1336 950 scriptorum
1360 867 1394 929 in
1418 866 1518 930 Chro-

175 955 259 1018 nicis
283 959 502 1035 exponentem
537 952 685 1018 Suetonii
717 954 811 1018 libris
843 956 951 1036 potius
985 960 1137 1019 accurate
1160 961 1193 1018 et
1216 953 1398 1038 diligenter,
1423 971 1521 1035 quam

176 1047 299 1108 temere
324 1047 357 1106 et
377 1041 586 1120 neglegenter
631 1060 727 1105 usum
750 1060 824 1107 esse
858 1050 1052 1106 statuemus.
1085 1041 1303 1108 Suetonianos
1339 1050 1451 1106 autern
1473 1039 1524 1102 vi·

175 1148 231 1194 ros
252 1127 396 1193 illustres
418 1127 611 1214 Hieronymi
635 1129 675 1193 de
699 1129 917 1211 scriptoribus
940 1129 1097 1192 Romanis
1113 1131 1410 1196 'commemorantis
1433 1127 1524 1209 prin·

174 1216 284 1298 cipem
313 1215 606 1297 gravissimumque
642 1215 767 1280 fontem
804 1217 916 1290 luisse.
951 1224 1083 1298 praeter
1120 1219 1291 1298 superiora
1324 1221 1528 1296 argumenta

178 1303 280 1369 etiam
311 1303 375 1367 boc
404 1305 625 1382 confirmatur,
656 1303 745 1382 quod
778 1303 833 1368 ille
866 1304 906 1367 de
929 1304 969 1367 iis
1001 1303 1215 1386 scriptoribus
1238 1305 1405 1382 Romanis,
1430 1321 1528 1387 quos,

177 1395 291 1473 utpote
313 1409 393 1463 suos
416 1390 574 1472 aequales
598 1391 736 1455 necdum
759 1398 915 1473 tempore,
940 1410 1006 1472 quo
1030 1389 1130 1454 libros
1154 1391 1194 1456 de
1216 1392 1295 1456 viris
1318 1392 1435 1455 illustr.
1445 1408 1534 1469 con-g

175 1478 314 1558 liciebat,
337 1484 497 1554 mortuos,
520 1476 610 1540 velut
631 1477 793 1558 Tacitum,
817 1479 1019 1558 Iuvenalem,
1043 1476 1174 1542 silentio
1206 1479 1421 1560 praeterierat
1443 1479 1526 1541 Sue·

175 1565 300 1645 tonius,
323 1565 357 1628 in
381 1563 621 1646 chronicorum
644 1564 883 1646 supplementis
905 1565 986 1629 nihil
1007 1565 1211 1630 meminerat.

280 1686 315 1750 Si
337 1686 436 1766 igitur
457 1689 584 1749 certum
606 1685 885 1770 exploratumque
918 1693 1006 1752 esset
1028 1687 1149 1770 omnia,
1189 1705 1273 1769 quae
1302 1686 1523 1768 Hieronymus

179 1774 349 1839 Chronicis
370 1771 562 1836 Eusebianis
597 1772 834 1852 admiscuisset,
869 1793 910 1838 ex
940 1773 1089 1840 Suetonii
1111 1774 1151 1840 de
1173 1775 1253 1840 viris
1286 1774 1463 1838 illustribus
1485 1773 1526 1838 li-

174 1861 242 1927 bris
264 1862 406 1938 fluxisse,
430 1865 500 1922 tota
522 1861 672 1942 quaestio
705 1858 745 1924 de
778 1860 841 1926 fide
865 1867 898 1926 et
920 1863 1115 1927 auctoritate
1148 1871 1302 1927 notarum
1326 1861 1523 1942 Hieronymi

174 1948 217 2014 ad
239 1967 292 2014 res
314 1948 481 2011 Romanas
505 1947 723 2026 spectantium
754 1955 787 2012 et
811 1949 950 2030 simplex
974 1955 1007 2014 et
1030 1947 1134 2013 facilis
1169 1958 1202 2016 et
1234 1948 1403 2032 perlucida
1433 1955 1524 2014 esset

174 2044 207 2102 et
229 2053 335 2118 paene
358 2033 510 2098 absoluta
532 2033 719 2113 videretnr3
751 2054 818 2099 non
841 2036 929 2100 enim
951 2036 1092 2118 amplius
1115 2055 1199 2118 opus
1223 2042 1310 2102 esset
1343 2036 1456 2120 quaeri
1479 2035 1520 2100 de

124 2145 128 2151 ·
174 2123 384 2202 Hieronymo,
417 2121 474 2185 sed
510 2120 550 2184 de
583 2119 754 2201 Suetonio,
787 2140 864 2185 num
900 2123 962 2188 lide
985 2123 1102 2203 dignus
1126 2131 1215 2189 esset
1237 2124 1270 2187 in
1294 2124 1350 2202 eis,
1376 2141 1460 2202 quae
1483 2122 1524 2186 de

174 2209 390 2292 scriptoribus
414 2207 570 2272 Romanis
594 2207 743 2274 inlibris
768 2208 808 2274 de
831 2210 911 2275 viris
934 2210 1118 2276 illustribus
1140 2211 1337 2275 tradidisset.
1368 2208 1442 2274 Hoc
1465 2229 1547 2274 au·-

174 2304 243 2364 tem
265 2296 353 2361 haud
375 2295 422 2360 ita
444 2295 575 2361 difficile
609 2305 698 2362 esset
721 2296 763 2360 ad
786 2297 996 2375 solvendum3
1030 2304 1161 2363 constat
1197 2299 1295 2376 enim,
1331 2297 1526 2362 Suetonium

173 2388 209 2450 in
230 2384 306 2448 vitis
328 2382 500 2447 illustrium
529 2383 676 2448 virorum
707 2385 942 2449 adumbrandis
988 2386 1131 2468 optimos
1165 2393 1198 2450 et
1220 2385 1428 2466 incorruptos
1451 2383 1527 2448 fon·
1618 2399 1619 2402 ’

172 2478 224 2538 tes
248 2475 396 2536 secutum
425 2470 560 2534 omnino
594 2489 670 2535 raro
704 2490 764 2537 nec
787 2472 850 2535 uisi
871 2472 1013 2538 inscium
1035 2467 1133 2557 atque
1156 2472 1294 2536 invitum
1316 2471 1400 2536 falsa
1421 2470 1523 2536 tradi-

174 2561 272 2626 disse.
296 2557 362 2623 Sed
385 2557 547 2622 difficilior
569 2564 620 2622 est
642 2557 682 2623 de
706 2558 768 2625 fide
791 2557 985 2642 Hieronymi
1014 2561 1165 2644 quaestio
1189 2567 1222 2624 et
1245 2560 1385 2626 efficitur
1406 2559 1520 2640 impri-

173 2647 237 2712 mis
260 2665 310 2724 00,
335 2646 423 2727 quod
445 2644 500 2710 ille
523 2645 557 2708 in
580 2643 751 2710 Chronicis
788 2647 977 2729 supplendis
1014 2655 1146 2730 praeter
1179 2647 1384 2726 Suetonium,
1407 2651 1444 2710 nt
1466 2665 1521 2709 su·

173 2752 234 2816 pra
278 2732 508 2813 cognovimus,
554 2733 637 2797 alios
705 2752 834 2816 quoqne
908 2734 1132 2800 Romanorum
1200 2735 1393 2816 scriptores,
1440 2751 1524 2816 quos

174 2830 290 2887 tamen
312 2819 509 2884 nominatim
518 2819 654 2892 laudare
662 2822 830 2898 omiserat,
843 2841 879 2886 se
895 2821 1080 2903 respexisse
1091 2823 1270 2902 profitetur.
1296 2820 1371 2886 Hoc
1393 2824 1523 2903 praeter

174 2908 281 2992 ipsius
304 2909 406 2972 verba
427 2927 459 2989 p.
481 2907 511 2972 3.
539 2906 672 2972 laudata
694 2907 869 2994 manifeste
903 2908 1192 2974 etiamnonnullae
1209 2909 1448 2973 chronicorum
1463 2925 1523 2970 no-

174 3002 227 3062 tae
250 2977 401 3078 probant,
438 3012 520 3078 quas
544 2993 586 3058 ad
610 2993 802 3060 Suetonium
834 3002 1005 3062 auctorem
1035 2996 1157 3061 referre
1189 3002 1341 3062 vetamur
1362 3014 1412 3072 eo,
1436 2993 1524 3077 quod

173 3087 323 3166 spectant
345 3082 387 3146 ad
409 3081 573 3161 homines,
598 3081 639 3146 de
663 3082 781 3162 quibus
820 3081 998 3148 Suetonius
1030 3084 1065 3147 in
1089 3083 1184 3148 libris
1222 3084 1262 3149 de
1284 3084 1365 3147 viris
1388 3081 1520 3146 illustri-

174 3169 236 3235 bus
258 3169 340 3233 nihil
364 3169 672 3238 commemoravit¹t
696 3168 795 3247 Quos·
807 3174 917 3235 tamen
940 3171 1021 3235 alios
1046 3171 1225 3252 scriptores
1249 3175 1379 3252 praeter
1404 3167 1522 3233 Sueto·

173 3258 267 3322 nium
289 3255 470 3338 respexerit
502 3253 736 3340 Hieronymus
771 3264 860 3322 certe
883 3257 1012 3322 deliniri
1034 3258 1157 3341 nequit.
1182 3258 1221 3322 In
1245 3276 1361 3322 eorum
1383 3273 1523 3321 numero

174 3343 503 3442 E-lutr'opiunrmfuisse,
535 3350 625 3408 recte
648 3344 774 3409 monuit
804 3343 902 3423 Roth,
928 3345 1061 3410 Sueton.
1093 3365 1124 3428 p.
1147 3344 1280 3410 LXXII.
1303 3352 1373 3409 not.
1398 3347 1450 3410 63.
1474 3341 1527 3407 Ne

173 3452 227 3499 res
249 3432 391 3496 incertas
418 3430 555 3496 incertis
571 3431 770 3496 coniecturis
792 3431 1038 3511 investigemus,
1068 3432 1131 3497 hoc
1168 3451 1228 3514 pro
1252 3438 1341 3497 certo
1361 3430 1520 3496 affirmari

174 3537 273 3602 posse
297 3518 505 3595 arbitramur,
531 3516 680 3583 Suetonii
704 3518 744 3583 de
766 3519 848 3584 viris
872 3518 1053 3584 illustribus
1068 3519 1170 3585 libros
1193 3518 1399 3601 Hieronymo
1423 3517 1523 3582 Euse-

174 3607 219 3671 bii
243 3604 407 3671 Chronica
429 3604 593 3688 supplenti
617 3604 739 3670 fontem
762 3605 861 3670 luisse
905 3606 1114 3688 primarium3
1159 3607 1244 3672 alios
1278 3615 1390 3671 autem
1413 3605 1522 3671 fontes

174 3694 268 3760 illum
292 3693 415 3758 adiisse
439 3693 656 3775 suspicamur,
672 3711 757 3772 cum,
772 3712 855 3776 qnae
879 3694 1027 3760 Suetonii
1048 3693 1143 3760 libris
1165 3714 1233 3760 non
1255 3692 1523 3772 continebantur,

174 3781 341 3846 narrando
365 3788 438 3846 erat
459 3788 702 3862 persecuturus

278 3900 349 3966 Huc
392 3901 556 3984 pertinere
579 3901 732 3966 videntur
754 3919 867 3967 omnes
900 3920 952 3967 res
976 3902 1011 3966 in
1034 3900 1208 3967 Chronicis
1232 3903 1520 3980 commemoratae,

174 4009 259 4072 quae
286 4007 374 4054 anno
398 4009 428 4070 p.
454 3989 529 4052 Chr.
553 3987 827 4075 nat-„meunt
848 3990 1060 4071 posteriores,
1089 4008 1154 4072 quo
1178 3987 1356 4055 Suetonius
1379 3989 1421 4053 de
1443 3986 1523 4052 viris

174 4075 355 4144 illustribus
380 4074 483 4140 libros
506 4075 652 4141 edidisse
675 4077 875 4156 perhibetur.

279 4322 302 4389 ¹)
321 4320 408 4376 Verbi
427 4335 516 4400 causa
533 4316 569 4399 de
587 4318 679 4374 Plinio
698 4319 820 4400 Minore,
837 4319 1009 4400 imperatore
1028 4317 1165 4400 'lfraianm
1191 4333 1318 4400 quorum.
1330 4317 1411 4400 apud
1424 4315 1525 4398 Hiero·

173 4386 1522 4530 ttttdltttudititttttitttllt..ttlt..lttltttttttttttttb

173 4531 316 4602 rebusque
334 4502 484 4599 utriusque
501 4527 624 4608 propriis
643 4528 848 4609 confundendis
863 4532 891 4583 et
901 4527 1129 4584 contaminandis
1142 4529 1284 4592 effecisse.
1303 4531 1335 4583 ut
1354 4544 1391 4584 ex
1409 4528 1526 4581 duobus

173 4601 273 4659 Pliniis
293 4618 389 4672 unum,
407 4616 510 4669 nempe
526 4600 649 4654 Plrn1um
668 4598 814 4668 Minorem,
834 4599 990 4668 effingeret.
1009 4598 1061 4664 (Oi.
1080 4600 1165 4667 Roth,
1186 4600 1262 4656 Suet.
1281 4616 1308 4667 p.
1327 4597 1493 4666 LXXVIII).
