3410 5168
832 193 901 292 a,

172 400 392 482 prehenderet
418 403 450 464 et
473 399 659 464 doctrinam
692 417 808 464 eorum
850 400 1066 464 vehementer
1099 399 1280 478 exagitaret
1300 408 1397 480 atquo
1422 403 1525 466 cavil-

172 487 304 554 laretur.
327 485 397 552 Nec
410 485 577 568 perbreve
594 485 761 567 quoddam
777 493 906 568 tempus
919 483 1034 550 Cicero
1051 484 1181 566 Epicuri
1195 487 1393 568 placitorum
1404 507 1526 554 censu·

172 590 243 640 ram
267 574 345 653 agit,
370 574 430 638 sed
454 592 513 653 per
535 572 667 652 longam
684 591 848 637 annorum
871 572 1107 654 seriemusque
1127 573 1268 638 advitae
1291 591 1370 638 suae
1393 576 1527 640 exitam.
1624 606 1630 618 ·
1680 561 1681 574 ¹

172 662 285 726 Prima
313 660 418 742 iniqui
450 661 489 724 de
519 659 751 741 Epicureorum
796 659 979 742 praeceptis
1009 659 1122 722 iudicii
1153 662 1291 742 vestigia
1322 667 1455 726 exstant
1490 665 1525 727 in

174 745 240 814 (lic.
264 747 471 812 orationibus
499 767 561 828 pro
583 749 618 810 P.
644 747 755 812 Sestio
779 752 812 811 et
834 748 870 810 in
892 746 930 810 L.
955 744 1168 827 Calpurnium
1199 747 1363 828 Pisonem,
1388 767 1527 831 quarum

173 835 278 901 altera
301 853 416 900 mense
440 833 563 898 Martio
587 852 616 897 a.
641 835 705 913 56„
729 833 832 899 altera
854 851 884 898 a.
908 837 959 899 55.
987 851 1017 896 a.
1043 831 1119 896 Ohr.
1143 833 1257 899 habite
1278 842 1339 899 est.

278 956 482 1036 Quamquam
506 952 619 1019 Cicero
642 955 675 1018 in
699 956 851 1020 oratione
866 974 925 1037 pro
942 955 1051 1020 Sestio
1076 957 1126 1022 10.
1148 956 1201 1035 23,
1224 958 1281 1020 ubi
1302 955 1339 1021 P.
1365 957 1524 1038 Clodium,

172 1044 341 1110 hominem
363 1041 588 1106 turbulentum
599 1050 632 1106 et
641 1041 939 1123 sceleratissimum,
971 1041 1100 1124 Epicuri
1123 1043 1365 1126 philosophiam
1388 1049 1525 1110 summis

173 1131 323 1196 laudibus
354 1128 724 1208 celebranterninducit,
749 1129 788 1194 de
810 1129 942 1210 Epicuri
966 1129 1094 1211 placitis
1116 1131 1264 1196 modeste
1288 1149 1329 1196 ac
1351 1133 1524 1198 moderate

173 1218 306 1295 iudicat„
329 1222 453 1280 tamen
487 1217 553 1281 iam
591 1221 703 1300 aperte
752 1217 921 1296 significat,
946 1217 1001 1297 qui
1039 1215 1227 1298 philosophi
1273 1219 1337 1283 sibi
1360 1221 1520 1302 placeant,

176 1297 318 1388 quidque
351 1303 391 1368 de
419 1302 719 1385 universaEpicuri
753 1302 906 1367 doctrina
936 1309 1084 1369 censeat.
1109 1303 1213 1368 Multo
1247 1307 1371 1370 maiore
1403 1308 1529 1389 impetu

175 1389 384 1474 reprehendit
405 1383 583 1473 Epicureos
606 1408 783 1470 corumque
806 1389 992 1454 doctrinam
1013 1391 1215 1457 moratione
1238 1393 1273 1456 in
1297 1392 1333 1455 Ρ.
1359 1395 1528 1458 Pisonem.

175 1479 214 1544 In
237 1478 375 1560 scriptis,
411 1495 496 1558 quae
535 1475 650 1542 Cicero
689 1483 763 1558 post
796 1495 921 1542 annum
942 1478 995 1546 55.
1019 1480 1215 1560 composuit,
1250 1480 1364 1561 iniqua
1387 1481 1427 1546 de
1449 1481 1525 1562 Epi-

177 1567 248 1632 curi
309 1563 484 1648 disciplina
520 1563 643 1628 iudicia
674 1563 776 1628 multo
813 1573 892 1628 sunt
929 1564 1150 1646 frequentiora
1196 1565 1294 1644 (conf.
1337 1567 1381 1634 'de
1427 1566 1533 1644 Orat,

175 1653 309 1718 Tuscul.
343 1652 463 1734 disput.
495 1657 528 1715 et
559 1651 721 1734 imprimis
754 1651 794 1716 de
819 1649 958 1716 Finibus
982 1653 1101 1718 librum
1125 1651 1150 1716 l.
1175 1660 1206 1718 et
1230 1652 1287 1732 ΙΙ..ἱ
1310 1654 1430 1734 ouibus
1459 1661 1531 1719 tota

175 1739 409 1823 Epicureorum
432 1737 582 1802 doctrina
605 1739 780 1820 exponitur
803 1744 836 1803 et
857 1739 1069 1819 recensetur).

280 1860 377 1943 Quae<
406 1878 459 1926 res
492 1859 661 1924 evidemm
706 1859 834 1939 docent,
881 1858 1073 1926 Ciceronem
1117 1861 1295 1943 Epicureae
1339 1862 1541 1945 disciplinae·

176 1955 328 2032 apertum
359 1947 584 2012 adversarium
615 1945 726 2012 misse
750 1946 864 2010 Talem
886 1962 953 2010 non
976 1949 1084 2012 solum
1117 1958 1275 2031 ternpore,
1300 1967 1365 2032 quo
1388 1949 1531 2015 Lucretii

178 2055 315 2102 carmen
337 2035 460 2100 editum
484 2053 557 2098 esse
580 2033 713 2098 videtur
734 2033 819 2118 (scil.
843 2051 874 2097 a.
900 2039 949 2098 55.
975 2041 1114 2100 exeunte
1144 2036 1272 2102 velot.
1296 2037 1445 2114 ineunte)
1470 2037 1528 2102 sed

176 2125 279 2188 etiam
301 2122 539 2204 posterioribus
562 2121 659 2185 annis
683 2139 718 2186 se
741 2120 892 2203 praebuit
925 2121 1031 2204 usipoe
1053 2123 1095 2186 ad
1119 2123 1209 2187 vitae
1243 2123 1343 2187 finem
1367 2141 1396 2188 a.
1421 2126 1473 2189 43.
1497 2141 1526 2188 a.

179 2209 254 2279 (thr.
289 2209 395 2292 Qmm
427 2209 627 2273 sententiam
649 2209 679 2271 si
700 2207 889 2289 probamus,
922 2209 993 2274 steri
1031 2215 1300 2290 corpoream
1327 2209 1528 2276 Ciceronem

178 2297 409 2364 emendavisse
441 2300 474 2359 et
506 2295 647 2360 edidisse
693 2295 867 2360 credamus
911 2314 1055 2375 manen,
1079 2296 1166 2378 quod
1199 2295 1381 2362 Lucretius
1406 2315 1441 2362 se
1463 2297 1530 2362 hoc

178 2385 327 2466 oonsilio,
351 2388 388 2448 ut
409 2383 569 2464 plurimos
594 2387 776 2447 sectatores
798 2383 842 2446 ed
863 2381 1000 2464 Epicuri
1024 2382 1230 2465 disciplinam
1264 2383 1419 2464 alliceret,
1444 2398 1527 2449 ecn-

75 2543 78 2546 ,
180 2471 350 2554 scripsisse
372 2472 556 2552 profitetur.
587 2468 684 2534 Unde
705 2477 854 2552 apparet,
879 2469 1082 2548 Ciceronem
1109 2471 1174 2534 nisi
1197 2488 1275 2535 vero
1299 2469 1389 2534 illum
1413 2471 1455 2534 ad
1479 2471 1528 2534 di-

180 2558 356 2641 sciplinam
376 2557 509 2639 Epicuri
530 2555 777 2638 propagandam
799 2557 952 2623 conferre
972 2557 1117 2622 voluisse
1134 2557 1358 2638 concedimus,
1372 2559 1534 2623 carminis

181 2645 367 2712 hncrnimi
389 2645 552 2709 editorem
573 2661 650 2709 esse
668 2663 738 2710 non
759 2646 918 2726 potuisse.

286 2765 377 2848 Quae
400 2764 427 2828 si
455 2762 609 2846 respicio,
639 2771 730 2830 recte
759 2764 840 2828 mihi
871 2763 1016 2829 iudicare
1048 2763 1174 2844 videor,
1196 2784 1271 2830 cum
1294 2785 1334 2831 ex
1359 2763 1532 2832 Ciceronis

182 2854 393 2922 auersissimo
416 2851 457 2916 ab
481 2851 613 2934 Epicuri
635 2851 809 2934 disciplina
830 2851 940 2915 animo
960 2849 1025 2916 hoc
1047 2871 1180 2934 quoque
1209 2860 1340 2934 repeto.
1362 2852 1450 2934 quod
1472 2854 1534 2919 ille

182 2959 353 3024 nusquam,
378 2940 444 3003 nisi
465 2939 502 3002 in
525 2939 622 3022 epist.
654 2938 696 3001 ad
719 2937 828 3018 Quint.
853 2937 898 3003 Il.
921 2941 950 3004 9.
977 2943 1016 3014 3.,
1040 2937 1181 3004 Lucretii
1205 2938 1400 3007 meminerat
1423 2958 1530 3023 neque

183 3031 255 3096 eius
275 3045 393 3094 versus
413 3026 536 3105 attulit,
570 3025 611 3090 ad
634 3045 717 3108 nuos
739 3024 924 3090 laudandos
959 3043 1033 3090 cum
1056 3019 1090 3090 in
1113 3025 1201 3106 aliis,
1221 3032 1293 3090 tum
1315 3023 1475 3110 imprimis
1498 3027 1536 3092 in

182 3117 251 3182 suis
261 3115 355 3180 libris
366 3113 581 3196 philosophis,
595 3111 716 3195 quibus
738 3113 861 3194 passim
884 3109 1014 3194 Epicuri
1036 3113 1161 3196 placita
1182 3112 1390 3197 recensebat,
1415 3120 1530 3196 aptam

183 3205 393 3271 occasionem
425 3201 621 3283 reperiebat.
668 3197 739 3264 Hoc
769 3199 943 3279 silentium,
981 3199 1068 3280 quod
1100 3197 1297 3279 consultum,
1321 3219 1393 3264 non
1415 3201 1530 3266 fortui-

183 3297 253 3356 tum
277 3298 337 3368 est,
361 3293 474 3370 aperte
507 3287 679 3366 significat,
711 3286 819 3350 virum
850 3287 976 3367 patriae
1020 3287 1286 3352 amantissimum
1319 3287 1462 3368 cavisse,
1487 3307 1531 3353 ne

184 3379 338 3444 versibus
357 3381 476 3458 poetae
508 3373 690 3452 affemudis,
715 3391 798 3454 quos
821 3390 863 3437 eu
883 3372 1052 3438 hominurn
1076 3375 1238 3438 memorio
1260 3374 1359 3455 plane
1383 3370 1533 3439 sublatos

184 3481 259 3534 esse
280 3463 387 3542 uellet,
410 3461 536 3526 invitm
556 3461 599 3525 ad
627 3461 700 3525 cius
730 3459 876 3524 nominis
896 3459 1122 3526 *cambitorem
1145 3461 1313 3526 conferet
1336 3467 1369 3526 et
1386 3460 1430 3526 ad
1452 3461 1529 3526 doc·

186 3552 310 3624 ninam
330 3549 465 3632 Epicuri
487 3545 776 3631 prupngundam¹t

183 3709 340 3726 W

293 3774 314 3844 ¹)
334 3773 380 3828 Sic
399 3771 531 3842 equidem
551 3771 586 3826 de
604 3772 659 3825 hac
671 3769 825 3835 reiudicog
849 3768 897 3823 alii
916 3768 998 3824 aliter
1017 3768 1161 3826 Ciceronis
1181 3769 1326 3826 silentium
1346 3771 1382 3826 de
1399 3772 1535 3828 Lucretio

185 3847 271 3914 poeta
289 3843 587 3912 exphcareconanbrr.
615 3839 659 3894 lta
677 3839 773 3895 Cenat.
791 3839 912 3912 Martha,
923 3837 1076 3920 singularis
1094 3839 1201 3910 ingenii
1220 3845 1250 3895 ct
1268 3839 1446 3896 admirabilis
1465 3843 1532 3896 doc·

184 3914 279 3973 fimes
294 3912 339 3967 vir
356 3929 413 3968 nec
426 3929 484 3967 non
503 3909 539 3965 de
555 3910 689 3966 Lucretio
715 3907 885 3964 illustrando
922 3911 1028 3977 optime
1054 3909 1185 3980 meritus,
1215 3909 1361 3966 &meronie
1388 3911 1534 3967 silentium

185 3983 288 4056 repent
315 3997 351 4036 ex
379 3983 538 4037 rationibus
558 3981 594 4037 ad
614 3981 717 4036 civium
745 3994 840 4034 mores
861 3980 889 4032 et
907 3994 967 4032 rem
986 3978 1129 4047 publicam
1152 3978 1369 4049 pertinentibus.
1388 3979 1451 4038 Vid.
1471 3981 1539 4036 eius

187 4069 270 4124 m
288 4053 364 4121 md
382 4052 561 4108 imribitcr:
597 4049 656 4119 ,he
672 4052 779 4118 poem
795 4047 829 4102 de
846 4047 984 4118 lintrem,
1002 4049 1119 4118 morale,
1137 4049 1267 4120 religion,
1286 4047 1425 4106 samace!
1445 4053 1470 4106 3.
1489 4051 1534 4105 ed.

186 4142 213 4194 p.
232 4125 280 4179 23:
301 4123 337 4192 ,it
356 4121 695 4190 scaturescentes
707 4119 900 4174 hamma
917 4118 1045 4171 murales
1069 4119 1317 4189 cupolitiqsesse
1332 4120 1427 4174 soient
1445 4135 1532 4190 oppo-

188 4195 256 4252 sdse
272 4195 293 4250 ὲ
310 4193 332 4248 l‘
348 4193 430 4261 elego
463 4192 534 4248 bien
567 4193 648 4246 franc
664 4189 733 4244 d’un
756 4189 853 4257 poeto,
869 4185 921 4255 qui
937 4186 1075 4242 celebrait
1096 4201 1153 4243 uas
1171 4189 1299 4244 docmina
1317 4187 1419 4244 hordia
1438 4194 1466 4245 et
1485 4190 1535 4260 qui

187 4263 299 4334 possuit
316 4262 415 4386 eheu
438 4261 513 4317 mou
529 4277 602 4332 pour
619 4277 660 4316 en
675 4257 791 4314 mnemi
820 4255 872 4310 dee
892 4255 1002 4312 deux!
1023 4257 1091 4312 vid.
1107 4258 1194 4314 etiam
1225 4274 1252 4314 ot
1270 4259 1289 4314 l.
1309 4258 1533 4330 ,sppurdicam‘

187 4351 215 4404 p.
233 4335 285 4390 aad
303 4337 356 4388 et·
388 4337 462 4386 t·-

291 4419 357 4490 ati,
376 4422 407 4474 ut
423 4416 594 4486 numne
608 4417 640 4472 in
653 4415 742 4486 libra
758 4410 998 4493 qsijmibitrr,
1061 4415 1162 4470 rendi
1179 4413 1365 4484 menophis
1390 4431 1455 4472 cum
1476 4417 1539 4471 ton·

188 4489 265 4546 tibus
284 4487 477 4560 compuute,“
502 4503 530 4558 ρ.
549 4491 576 4543 8,
592 4491 660 4558 not„
689 4482 1001 4542 &mammam
1121 4487 1261 4556 repetent,
1281 4483 1358 4555 qaae
1378 4483 1459 4542 ill'um
1479 4485 1537 4542 hu·
