3410 5168
842 345 882 404 25

183 545 331 611 Lucretii
398 544 507 611 furore
560 553 592 610 et
637 547 781 612 violenta
837 555 942 611 morte
1007 545 1247 624 narrationem,
1313 545 1441 610 etiamsi
1488 546 1536 609 eis

185 633 335 698 Suetonii
380 652 462 714 opus
506 633 651 712 ignotum
699 633 768 698 luit.
824 653 864 698 ex
909 633 1051 698 aliorum
1096 651 1228 715 quoque
1274 639 1448 696 auctorum
1494 632 1535 695 li-

147 725 150 730 “
183 720 263 800 bris,
288 721 344 803 qui
367 718 472 784 fontes
507 719 654 784 Suetonii
692 726 794 800 erant,
835 721 929 785 laeile
966 737 1162 800 cognoscere
1185 725 1372 800 potueruut,
1415 718 1530 800 Neque

185 807 512 891 praetermittendum
545 813 606 885 est,
631 808 718 890 quod
741 816 880 888 uterque
904 809 939 870 in
961 806 1130 890 provincia
1165 805 1273 872 Africa
1294 806 1386 885 vixit,
1411 806 1444 868 in
1468 823 1533 889 qua

186 894 290 958 altero
320 899 353 959 et
382 895 479 958 tertio
512 900 586 975 post
620 893 693 963 Chr
744 897 877 961 saeculo
910 895 1039 958 litterae
1063 894 1231 958 Romanae
1254 893 1296 956 ad
1319 893 1535 957 laetissimam

187 988 330 1061 segetem
353 979 577 1045 effloruerunt.
1012 1045 1013 1048 ,

294 1068 350 1131 llla
372 1068 574 1142 conclusio¹l
599 1087 798 1152 quamquam
822 1069 879 1147 eis,
905 1086 986 1150 quas
1009 1067 1216 1149 protulimus,
1241 1069 1341 1132 rebus
1367 1065 1533 1130 debilitari

189 1153 331 1234 videtur,
356 1172 394 1219 eo
418 1160 533 1217 tamen
555 1155 734 1236 probabilis
757 1155 906 1236 eflicitur,
918 1153 1006 1237 quod
1029 1154 1119 1219 Suet.
1144 1154 1218 1218 libri
1240 1153 1328 1218 laud.
1353 1153 1497 1236 primurn
1520 1171 1540 1216 a

188 1240 401 1322 scriptoribus
426 1240 478 1303 lV.
514 1261 610 1324 saec,
635 1242 725 1307 velut
753 1241 892 1321 Donato,
922 1240 1091 1308 Diomede.
1116 1241 1324 1323 Hieronymo,
1349 1240 1536 1306 laudantur.

106 1396 110 1404 „
193 1327 271 1392 lude
295 1334 414 1406 autem,
440 1329 528 1411 quod
552 1329 720 1393 Arnobius
743 1338 776 1393 et
799 1329 1003 1401 Lactantius,
1029 1328 1179 1394 homines
1204 1329 1343 1392 maxime
1366 1328 1399 1390 in
1424 1327 1544 1392 litteris

189 1416 320 1491 versati,
363 1421 498 1496 propter
537 1415 685 1480 Suetonii
711 1417 750 1480 de
774 1417 850 1479 viris
888 1415 1072 1492 illustribus
1111 1415 1268 1480 librorum
1299 1415 1539 1494 ignorationem

189 1501 313 1566 nullam
338 1502 378 1566 de
402 1501 550 1567 Lucretii
583 1503 713 1566 insania
735 1511 768 1567 et
791 1503 934 1568 violenta
959 1508 1063 1567 morte
1089 1503 1241 1566 notitiam
1265 1502 1460 1578 habuerunt,
1485 1521 1541 1565 se-

190 1589 310 1668 quitur,
335 1594 371 1652 ut
394 1607 442 1663 ea,
469 1607 552 1672 quae
575 1589 798 1671 Hieronymus
824 1589 1017 1654 Suetonium
1033 1595 1163 1653 secutus
1188 1589 1227 1653 de
1250 1588 1404 1653 Lucretio
1428 1588 1538 1669 prodi-

190 1676 248 1755 dit,
272 1681 380 1740 aetate
404 1675 625 1762 Suetoniana
664 1697 779 1759 parum
818 1678 939 1741 luerint
976 1682 1064 1754 uota,
1097 1685 1130 1740 et
1154 1677 1206 1738 vix
1230 1676 1271 1738 ad
1294 1676 1413 1756 plures
1438 1693 1536 1754 quarn

192 1762 234 1824 ad
257 1782 360 1826 unum
384 1771 551 1828 auctorem
575 1767 747 1838 incertum,
776 1766 870 1827 cuius
893 1763 992 1828 libros
1016 1763 1192 1827 Suetonius
1216 1763 1372 1843 inopere
1397 1763 1437 1826 de
1460 1762 1539 1825 viris

195 1850 304 1912 illustr
339 1851 492 1931 respexit,
518 1852 584 1914 sint
609 1851 781 1916 referenda
1227 1855 1230 1862 ’

299 1936 413 2016 Neque
436 1938 523 2001 enim
550 1944 598 2002 est
621 1939 807 2015 verisimile,
825 1938 970 2002 futurum
994 1938 1107 2014 luisse,
1131 1943 1167 2000 ut
1190 1937 1415 2000 narrationem
1438 1935 1540 2014 laurl,

192 2022 221 2085 si
244 2023 385 2106 plurium
425 2025 594 2089 hominurn
632 2025 742 2088 oribus
780 2031 813 2090 et
834 2026 998 2088 mentibus
1038 2043 1077 2088 ea
1108 2032 1196 2088 esset
1220 2029 1361 2101 versata,
1386 2023 1543 2086 alteruter

192 2110 333 2190 scriptor
372 2111 615 2196 ecclesiasticus
655 2112 706 2176 vel
743 2113 796 2176 alii
820 2117 982 2190 auctores,
1006 2111 1094 2174 velut
1119 2109 1290 2174 Cornelius
1317 2109 1434 2192 Nepos,
1459 2107 1540 2174 Ver·

192 2196 295 2276 gilius,
318 2197 474 2272 Donatus,
499 2199 555 2279 qui
579 2197 661 2262 locis
686 2217 785 2280 supra
808 2199 893 2262 laud.
918 2205 1031 2278 aptam
1055 2197 1223 2262 alludendi
1247 2197 1457 2280 reperiebant
1481 2215 1537 2260 oc-

192 2284 367 2364 casionem,
392 2303 434 2348 ne
457 2285 557 2349 verbo
590 2286 720 2366 quidem
752 2287 1021 2367 perstringerent.
1054 2284 1089 2348 Si
1113 2285 1272 2366 cuiusque
1295 2285 1342 2348 rei
1367 2285 1464 2348 fidem
1488 2291 1539 2347 at·

193 2389 257 2450 qua
281 2371 510 2436 auctoritatem
540 2391 579 2436 eo
613 2374 772 2437 minorem
804 2391 877 2436 esse
912 2375 1097 2454 probamus,
1123 2391 1187 2453 quo
1212 2372 1424 2453 paucioribus
1449 2371 1534 2433 nita-

194 2462 248 2520 tur
270 2456 413 2521 lontibus
438 2465 496 2521 aut
518 2459 726 2538 testimoniis,
737 2461 831 2524 nobis
856 2461 955 2524 etiarn
980 2458 1185 2540 probandum
1209 2469 1270 2539 est,
1297 2460 1384 2522 illius
1408 2477 1539 2538 quoque

193 2545 390 2608 narrationis
414 2545 511 2610 sulem
535 2547 685 2622 exiguam
710 2565 792 2611 csse.
817 2547 922 2627 Atque
947 2545 1117 2627 probabile
1133 2551 1191 2622 est,
1203 2547 1426 2626 narrationem
1450 2545 1537 2608 laud.
1622 2567 1623 2572 ¹

193 2637 251 2694 aut
274 2631 404 2712 inipso
428 2633 526 2716 fonte,
558 2633 623 2714 quo
649 2634 824 2698 Suetonius
857 2654 938 2697 usus
964 2639 1024 2710 est,
1057 2634 1130 2711 vagi
1155 2635 1296 2696 rumoris
1319 2634 1423 2695 instar
1446 2649 1538 2718 com-¹

193 2717 790 2802 memoraramtrtssezaur-prnnum·
800 2719 1216 2784 a‘Stietonlo'”a“d·iirceiti'
1233 2719 1538 2783 rumoris-turmam

194 2805 363 2869 redactam
396 2811 483 2871 'esse
528 2809 689 2872 vocabulo
731 2807 911 2887 ,crediturl
952 2809 1005 2872 vel
1056 2807 1230 2884 ,traditur⁴
1281 2807 1331 2870 vel
1380 2807 1532 2887 „putant‘

194 2892 348 2972 praefixo,
372 2895 492 2975 quibus
518 2896 692 2958 Suetonius
716 2896 860 2958 incertos
884 2913 1033 2958 rumores
1057 2896 1196 2958 allerens
1220 2895 1267 2958 uti
1284 2894 1377 2958 solet.

846 3084 900 3146 Vl.

301 3223 408 3303 Atque
446 3241 559 3286 omnes
597 3222 667 3286 illas
705 3225 848 3286 rationes
872 3223 898 3284 si
923 3229 1076 3287 accurate
1102 3230 1211 3287 mente
1245 3222 1422 3305 perpendo,
1458 3220 1547 3283 haud

173 3309 458 3390 improbabilem,
482 3315 519 3372 ut
542 3310 622 3372 mihi
645 3309 785 3386 videtur,
814 3309 1044 3374 coniecturam'
1071 3309 1179 3374 iacere
1204 3327 1313 3388 cogor,
1338 3307 1545 3390 temporibus

197 3401 339 3459 mortem
362 3396 507 3460 Lucretii
531 3397 717 3460 consecutis
754 3398 793 3462 de
827 3398 896 3460 eius
928 3396 1016 3462 vitae
1062 3396 1247 3460 rationibus
1294 3402 1424 3478 praeter
1460 3396 1548 3458 diem

196 3482 341 3546 natalem
364 3489 397 3548 et
419 3501 607 3564 supremum
632 3484 713 3546 nibil
738 3483 876 3564 amplius
901 3484 1106 3564 exploratum
1139 3483 1242 3548 luisse
1265 3491 1323 3546 aut
1346 3483 1409 3546 nisi
1433 3501 1545 3560 vagos
1596 3533 1599 3540 ,

197 3588 281 3650 quos
304 3567 501 3650 Hieronymi
523 3571 667 3633 narratio
691 3570 811 3634 referre
835 3571 973 3647 videtur,
986 3589 1135 3636 rumores
1152 3590 1219 3634 non
1243 3571 1419 3634 exstitisse.
1446 3567 1543 3652 Quos

198 3673 237 3718 ex
260 3657 372 3720 innato
404 3658 524 3720 animis
558 3658 711 3720 humanis
734 3658 842 3721 studio
865 3677 923 3730 res
949 3659 1076 3737 ignotas
1099 3658 1297 3722 coniecturis
1322 3655 1543 3735 investigandi

202 3749 292 3807 ortos
318 3762 392 3808 esse
415 3745 575 3824 suspicor.

238 3861 241 3870 v
303 3828 385 3893 Cum
408 3840 529 3909 autem,
554 3848 638 3911 quae
661 3848 744 3894 ansa
769 3829 881 3894 talium
916 3850 1084 3895 rumorum
1118 3829 1226 3908 fuerit,
1260 3837 1447 3912 percontor,
1473 3847 1547 3893 eam

198 3924 267 3980 tarn
291 3918 444 3981 carminis
468 3923 697 3996 argumentum
720 3926 753 3982 et
777 3916 942 4000 statum2),
967 3937 1064 3998 quem
1089 3927 1165 3999 post
1189 3924 1327 3982 mortem
1353 3923 1469 3997 poetae
1492 3935 1547 3980 ex-

198 4002 313 4080 hibuit,
339 4021 437 4083 quam
460 4005 541 4084 ipsa,
566 4004 684 4084 quibus
708 4003 985 4075 Lucretiusvixit.
1000 4013 1150 4086 tempora
1160 4004 1350 4086 praebuisse
1372 4002 1546 4067 contendo.

202 4090 250 4153 lta
262 4097 380 4171 poetae
404 4089 548 4174 furorem
565 4111 604 4156 ex
621 4091 724 4172 ipsius
749 4110 847 4154 versu
872 4091 931 4155 Ill.
957 4093 1030 4158 826.
1060 4111 1127 4173 sq:
1158 4092 1258 4170 ,adde
1284 4091 1426 4154 furorem
1449 4089 1549 4152 animi

201 4178 426 4258 proprium
451 4187 549 4259 atque
573 4178 843 4255 oblivlarerum“,
859 4179 959 4259 ,adde
984 4179 1071 4260 quod
1095 4179 1206 4256 nigras
1231 4177 1369 4256 lethargi
1394 4177 1550 4256 mergitur

199 4262 324 4326 undas“
351 4265 535 4329 coniectum
559 4283 631 4328 esse
654 4266 805 4346 suspicor
838 4265 878 4328 ab
903 4267 1029 4329 incerto
1058 4267 1200 4347 quodam
1225 4264 1439 4344 grammatico
1473 4270 1551 4327 ante

199 4349 393 4415 Suetonium
404 4352 601 4432 vigente,qui
613 4369 744 4416 versum
757 4352 776 4415 l.
788 4354 948 4416 vocabulo
967 4351 1364 4434 ‚,proprium“(Luer.,lIl.
1375 4350 1452 4431 826)
1466 4349 1551 4414 male

201 4491 510 4498 --a--—-——--

308 4559 327 4626 Ι)
347 4559 365 4615 i.
386 4575 409 4612 e.
431 4559 558 4612 Suetonii
577 4558 612 4612 de
632 4558 701 4612 viris
720 4559 878 4613 illustribus
890 4575 961 4627 opus
974 4559 1098 4613 Arnobio
1113 4561 1141 4612 et
1152 4558 1299 4612 Lactantio
1313 4559 1440 4626 ignotum
1456 4558 1553 4610 luisse.

196 4676 201 4684 .
305 4632 329 4696 ²)
349 4627 411 4684 vid.
432 4628 541 4682 Brandt
559 4629 580 4696 tl
607 4630 637 4698 l.)
657 4645 682 4697 p.
704 4630 763 4682 251.
784 4659 815 4667 -
