3410 5168
854 193 892 254 10

139 408 142 412 ’
191 417 303 479 caasa,
325 400 403 482 unia
426 419 493 464 non
517 417 631 464 omnes
655 399 744 462 illius
775 398 955 464 testimonii
984 397 1123 462 sentent
1115 416 1164 462 ras
1187 399 1258 479 pari
1280 397 1409 461 loco
1373 403 1409 462 e
1432 401 1545 462 aucto-

193 487 291 550 ritate
336 487 529 565 habendae,
551 485 654 550 sed
646 495 731 551 mter
765 505 821 550 aas
844 487 1021 552 discrimen
1051 485 1218 566 quoddam
1250 503 1324 549 esse
1358 483 1546 549 laciendum

187 574 367 639 moontendo
414 571 497 638 Oum
531 574 621 638 enim
654 574 739 636 alias
759 591 778 638 θ
802 574 883 638 Suet
870 575 961 638 tenio
995 573 1131 636 fluxisse
1154 571 1310 636 affirmari
1331 571 1440 652 Ιαθθαα,
1464 570 1546 635 elias

192 660 374 725 abeodem
397 666 531 726 auctore
565 665 729 730 mutua-tas
752 674 828 726 esse
853 661 1042 724 coniectura
1066 659 1199 742 quidem
1222 657 1384 738 colligere,
1406 677 1472 724 nec
1494 662 1544 721 ta—

191 765 277 824 naen
302 748 450 812 duent
402 753 450 812 rnt
451 749 534 829 egris
557 747 636 812 Suet
623 748 735 812 tonii
731 748 776 812 de
799 747 877 810 viris
900 747 1080 812 illustribus
1105 745 1196 810 libris
1220 763 1382 825 caremus,
1406 743 1545 827 probare

190 849 376 916 pessumus.
415 835 523 898 Priori
553 835 664 914 generi
698 835 953 899 adnumeremus
992 834 1201 910 melantiam,
1230 851 1299 916 qua
1331 832 1371 896 de
1391 831 1539 896 Lucretii

191 928 297 987 morte
331 929 365 986 et
352 923 435 986 tde
458 921 648 986 consulibu
677 939 707 984 a.
732 922 783 985 55.
807 939 837 985 a.
862 919 936 986 Chr
958 921 1077 1000 agitur.
1115 917 1240 984 Earum
1271 938 1382 986 rerum
1416 926 1542 984 certam

190 1009 276 1073 notit
263 1010 343 1073 tium
371 1008 483 1074 Donat
471 1018 524 1074 tus
555 1027 619 1072 ex
616 1007 754 1072 lucret'
720 1013 756 1071 αα
794 1009 863 1073 vita
844 1007 1041 1084 a¹taSuet
1043 1007 1120 1072 orrio
1152 1012 1304 1072 enarrata
1335 1007 1372 1070 in
1395 1006 1480 1074 libro
1497 1005 1541 1069 de

188 1099 308 1177 poetis
332 1097 388 1179 qui
411 1109 511 1159 nna-m
535 1096 654 1177 operis,
694 1097 780 1178 quod
815 1095 854 1159 de
876 1097 955 1158 viris
993 1093 1171 1158 illustribus
1193 1093 1391 1174 inscribitur,
1416 1098 1544 1192 partem

191 1183 362 1261 alliciebat,
398 1183 519 1248 babere
542 1183 659 1264 potuit
705 1181 853 1264 Namque
885 1201 953 1246 non
985 1181 1119 1246 dubium
1151 1187 1217 1260 est,
1242 1181 1320 1263 quin
1352 1180 1435 1260 Suet
1423 1180 1544 1256 tonius

190 1287 263 1333 cum
287 1271 321 1334 in
344 1271 427 1334 libro
451 1269 537 1334 laud.
570 1270 610 1333 de
632 1269 778 1334 Lucretii
812 1269 880 1333 vita
901 1274 1021 1349 ageret
1000 1268 1138 1332 tillius
1163 1274 1280 1367 poetae
1304 1285 1427 1331 annum
1450 1273 1543 1332 nata-

190 1355 315 1421 lent
282 1363 315 1422 θα
338 1374 527 1438 supremum
542 1359 634 1434 (num
659 1356 743 1420 diem
767 1373 897 1439 qnoque
919 1357 1079 1432 statuerit,
1096 1356 1211 1420 coniec
1213 1365 1287 1418 tura
1307 1355 1462 1434 augurari
1484 1353 1544 1416 du-

190 1443 276 1522 bito)
300 1443 488 1507 nominibus
511 1445 685 1507 consulum
723 1443 889 1506 adnotatis
913 1403 1106 1507 definiverit.
1130 1443 1244 1507 Talem
1268 1441 1401 1524 quidem
1426 1440 1543 1505 Suete-

189 1531 264 1594 nins
288 1549 322 1594 se
337 1539 460 1612 praesti
438 1531 530 1594 titit
522 1550 556 1594 rn
581 1529 769 1602 Caesarum
782 1529 925 1594 Terent'
891 1538 936 1607 tn,
947 1529 1073 1594 ΗθαθαΙ
1040 1538 1085 1607 αα,
1110 1547 1195 1610 quae
1219 1535 1308 1593 aetat
1308 1545 1360 1592 em
1384 1529 1542 1602 tulerunt

191 1618 238 1680 vit
234 1618 277 1696 is,
301 1618 335 1680 in
357 1619 476 1700 quibus
496 1617 624 1682 similes
648 1626 706 1682 not
708 1635 745 1680 as
769 1618 962 1698 reperimus.

296 1723 330 1785 ln
353 1724 517 1803 posterius
541 1729 652 1787 autem
675 1741 776 1802 genus
813 1735 886 1786 eam
913 1722 1031 1785 nonan
1053 1722 1129 1786 test*
1120 1721 1231 1784 imonii
1268 1721 1466 1786 sententiam
1489 1739 1543 1785 rc-

126 1844 127 1853 1
191 1807 339 1889 ferimus,
379 1827 444 1889 qua
489 1810 575 1873 det
561 1815 717 1890 tempore.
758 1829 823 1890 que
873 1809 1035 1888 Vergilius
1079 1814 1188 1887 togam
1226 1807 1351 1872 virilem
1395 1809 1545 1890 sumpsit,

196 1902 432 1960 commemora
433 1915 482 1962 ur
514 1895 607 1960 Hauc
640 1915 699 1960 sen
702 1897 837 1960 tentiam
860 1897 939 1960 item
964 1895 1163 1959 aSuetonio
1192 1896 1328 1976 petitam
1345 1912 1478 1974 essee
1456 1894 1544 1959 a-ffir

190 1993 283 2046 mare
302 2001 374 2046 non
398 1983 512 2046 ausim
546 1983 661 2046 Nam
653 2003 688 2048 m
711 2003 741 2045 vr
744 1988 785 2046 rs
744 1982 1041 2046 tSuetonianis
1036 1997 1143 2063 supra
1166 1981 1288 2045 laudi
1276 1989 1371 2060 togae
1394 1992 1546 2064 sumptae

188 2074 321 2168 tempus
343 2070 394 2134 vel
420 2071 553 2134 omnino
574 2085 645 2133 non
668 2069 803 2168 legitur,
829 2089 847 2131 v
870 2070 879 2132 l
902 2071 972 2133 sola
996 2069 1139 2149 generali
1168 2075 1341 2150 rsumptat
1343 2087 1404 2148 oga
1436 2068 1538 2132 rumli“

191 2157 355 2221 locutione
413 2157 638 2236 adumbrt,aur
673 2158 725 2220 cui
759 2157 883 2237 passim
922 2159 1008 2220 vitae
1031 2175 1154 2220 annum
1177 2162 1354 2255 peractum
1379 2171 1543 2235 nusquam

190 2245 362 2307 consulum
400 2245 535 2307 nomina
571 2245 714 2344 reperies
738 2244 913 2392 adscripta.
884 2241 1033 2316 atinati
1056 2244 1084 2306 si
1107 2243 1241 2322 respicit
1242 2261 1290 2322 ur,
1314 2243 1366 2306 viu
1390 2243 1545 2308 credibile

191 2331 280 2394 videt
266 2335 320 2394 tur
354 2351 426 2396 esse
464 2331 660 2395 Suetonium
691 2332 725 2394 in
758 2332 825 2394 vita
805 2331 990 2408 aVergilii
1024 2330 1260 2410 diligentiorem
1295 2347 1392 2413 quam
1416 2332 1450 2394 in
1472 2330 1545 2393 aliis

190 2417 268 2480 vitis
291 2437 328 2482 se
353 2419 582 2499 praestitisse
580 2423 777 2499 tempusque
799 2423 938 2497 togaea
964 2418 1104 2496 Vergilio
1131 2423 1282 2498 sumptae
1298 2423 1542 2482 cancamum-

189 2505 291 2574 ααθθθ
317 2512 418 2588 quant
421 2521 473 2568 am
505 2503 660 2569 Donatit
647 2512 696 2568 tes
698 2505 870 2568 timonium
892 2505 1045 2569 exhibere
1066 2505 1227 2574 videmus
1251 2504 1449 2568 definivisse
1472 2503 1543 2568 Nec

188 2605 328 2672 prorsus
351 2609 371 2654 a
391 2593 495 2655 verita
476 2599 530 2655 θαθ
498 2592 780 2656 tabbcrret.u
759 2592 952 2673 utcpinor
977 2585 1010 2655 id
1033 2591 1119 2674 qnod
1154 2591 1281 2670 colligo,
1308 2598 1451 2672 tempus,
1476 2609 1541 2671 quo

189 2685 300 2756 rogam
324 2679 448 2742 virilem
471 2679 611 2759 sumpsit
632 2678 805 2778 Uergilius
829 2697 870 2742 ne
892 2680 1047 2752 proximis
1070 2678 1200 2762 quidem
1224 2679 1321 2742 morti
1338 2685 1459 2759 poetae
1473 2693 1542 2742 an·

187 2766 244 2828 nis
260 2770 351 2830 certo
375 2775 432 2830 not
434 2781 489 2829 nm
513 2765 623 2848 luisse,
645 2766 707 2830 sed
725 2766 870 2848 primum
894 2779 914 2828 a
931 2767 1120 2854 posteriore
1143 2765 1286 2848 quodam
1310 2765 1398 2828 vitae
1422 2771 1559 2846 poetae

187 2853 362 2933 scriptore,
385 2853 537 2921 reluttl.
562 2855 707 2917 Asconio
732 2853 884 2927 Pediano,
909 2851 945 2916 C.
967 2845 1205 2933 lulio-‘Hygino
1223 2851 1265 2914 Μ.
1289 2850 1543 2917 ValerioProbo

183 2940 378 3003 coniectura
410 2940 583 3020 investi-rga
586 2953 640 3004 um
677 2947 711 3005 et
746 2939 919 3004 arbitraria
942 2939 1037 3003 atla
1055 2940 1113 3004 ·.55
1132 2957 1166 3002 a.
1193 2939 1267 3002 Obr.
1292 2941 1540 3017 emersurum,

184 3025 258 3090 siue
281 3027 368 3108 quud
391 3028 446 3091 hic
464 3037 573 3091 annus
595 3035 648 3091 rat
637 3027 782 3092 tionibus
807 3028 892 3092 uitae
912 3033 1034 3108 poetae
1052 3027 1198 3090 maxime
1222 3025 1448 3092 conveniebat
1426 3025 1544 3092 taire

181 3113 277 3193 ·quod
307 3114 467 3212 Pompeio
490 3120 524 3179 et
542 3115 723 3178 Crassot
698 3115 817 3178 iterum
848 3113 1096 3178 consulibust
1055 3124 1096 3179 θα
1118 3112 1263 3178 Lucret'
1228 3119 1266 3176 tn
1289 3118 1376 3176 mort
1378 3133 1396 3177 θ
1363 3109 1539 3177 tnobirli-

183 3207 285 3272 tetus
304 3208 365 3282 θρα
366 3202 507 3279 issimus,
531 3215 596 3284 quo
619 3207 791 3282 poetarum
807 3200 966 3282 princeps
990 3207 1099 3278 togam
1121 3205 1275 3264 sumeret
1300 3200 1481 3265 videbam.

293 3284 385 3368 Quae
401 3288 595 3352 coniectura
619 3289 758 3352 maxime
784 3291 853 3352 hoc
876 3290 1104 3366 confirmatur,
1136 3287 1224 3367 qnod
1256 3292 1353 3368 poeta
1383 3288 1439 3350 sui
1455 3287 1543 3351 iuris

186 3373 389 3438 lacesseret
413 3375 571 3453 Andibus,
602 3376 692 3439 unde
716 3381 815 3440 neria
782 3375 921 3439 ttde
909 3385 1056 3456 tempore
1079 3383 1229 3456 sumptae
1253 3380 1350 3453 togae
1374 3374 1537 3438 tamarix

183 3461 223 3523 αθ
241 3462 361 3541 vulgus
384 3462 490 3526 efferri
514 3462 629 3543 potuit.
647 3462 687 3525 Si
711 3468 821 3526 tamen
838 3475 917 3526 eam
939 3463 973 3526 in
994 3461 1111 3540 vdlgm
1137 3465 1260 3526 elatam
1283 3461 1453 3532 sumimus.
1473 3461 1533 3524 vix

182 3547 278 3612 ·eredi
307 3553 429 3629 petest,
462 3565 534 3613 eam
555 3549 767 3631 propagando
801 3550 884 3614 aden
915 3548 1104 3629 invaluisse,
1127 3554 1164 3612 ut
1150 3549 1228 3612 tad
1251 3549 1334 3612 notit
1332 3549 1402 3612 iam
1425 3553 1536 3630 posuc-

182 3635 312 3699 rienum
334 3642 450 3716 pactae
478 3636 731 3717 biographorum
755 3645 788 3702 et
811 3642 1110 3700 commentatorum
1127 3635 1344 3717 ’.θθθθθααθθθα

295 3737 337 3803 Ut
357 3739 495 3819 longiori
520 3741 647 3805 discet
634 3740 751 3804 lationi
767 3747 899 3804 nostrae
919 3737 1056 3804 modum
1065 3755 1242 3821 ponamus
1266 3739 1305 3802 de
1328 3737 1447 3804 Donati
1469 3739 1547 3804 loco

192 3825 282 3889 laud.
308 3817 395 3890 sies
398 3829 576 3891 tatutmus:
600 3761 721 3891 lEirmis
744 3827 944 3906 argumentis
965 3826 1099 3926 probari
1122 3844 1188 3890 non
1211 3833 1329 3906 potest,
1354 3822 1495 3891 rerbal.
1515 3825 1541 3890 l

187 3913 234 3978 ad
256 3920 388 3995 tempus
406 3919 504 3995 togae
530 3931 549 3978 a
572 3907 713 3992 Vergilio
744 3923 894 3996 sumptae
916 3916 1097 3995 spectantia
1112 3913 1175 3994 ipsi
1196 3909 1325 3977 Donato
1346 3911 1543 3978 vindicanda

192 4018 273 4065 esse
312 4002 423 4084 b'eque
455 4003 567 4083 procul
590 4001 763 4065 dnbiot
712 4010 771 4076 est,
806 4008 917 4064 utrum
951 4001 1007 4064 illa
1028 4003 1130 4066 verba
1147 3993 1322 4064 abertate
1344 4001 1393 4064 ve'l
1417 4001 1542 4066 inceste

188 4087 337 4184 quodam
376 4089 568 4168 posterioris
590 4090 710 4154 aetatis
736 4089 841 4170 script
842 4103 898 4152 ore
922 4089 1134 4152 coniecturis
1154 4095 1293 4168 reperta,
1325 4105 1369 4151 an
1392 4106 1431 4152 ex
1454 4088 1541 4152 anti-

193 4175 328 4258 quiere
336 4175 427 4240 lente
459 4183 589 4258 sumpta
612 4177 688 4240 sint.
713 4175 974 4258 spondentque
1003 4175 1044 4238 atl
1067 4189 1201 4253 annum,
1224 4189 1290 4254 qno
1295 4173 1469 4239 Lucretius
1483 4179 1543 4239 test

289 4357 314 4433 ΙΙ)
331 4361 398 4418 Non
417 4365 532 4419 ridetur
551 4364 621 4419 mihi
640 4363 805 4426 verisimile,
820 4361 929 4418 ¹Durruti
957 4363 992 4418 de
1012 4361 1178 4418 consulibus
1196 4365 1226 4417 et
1245 4359 1280 4416 de
1295 4357 1424 4418 Lucretii
1449 4367 1543 4419 mette

189 4435 365 4516 αθθθαίοθθθι
385 4451 421 4488 ex
439 4434 556 4504 Vergilii
575 4435 634 4490 vita
652 4453 669 4488 a
689 4435 823 4490 Suetonio
858 4440 990 4490 enarrata
1013 4434 1130 4502 petitam
1149 4448 1230 4492 esse:
1248 4449 1298 4486 cur
1315 4434 1356 4489 ita
1372 4434 1543 4504 indicemus,

187 4521 225 4559 ex
244 4503 290 4571 iis,
313 4521 386 4572 quae
406 4505 481 4559 intra
493 4517 704 4577 ·,·cuponemns
701 4505 864 4558 luculenter
883 4505 1038 4572 apparebit
