3410 5168
838 12 845 48 l

802 242 903 338 „13

174 446 304 526 legeris,
327 448 435 511 virum
457 453 490 511 te
514 449 646 529 putabo,
681 448 707 512 si
740 447 920 532 Sallustii¹)
944 447 1170 532 Empedoclea
1201 448 1328 532 legeris
1360 449 1527 516 hominem

102 543 104 548 '
179 553 247 600 non
269 533 443 618 putab02)“

284 620 357 704 Quo
380 621 452 686 loco
477 619 592 686 Cicero
616 627 727 688 orator
751 624 812 689 lert
835 643 932 688 suum
955 624 995 690 de
1020 623 1113 706 poesi
1136 622 1333 688 Lucretiana
1356 623 1528 704 iudicium,

179 710 269 792 quod
291 729 312 774 a
334 707 455 787 Quinto
480 710 582 774 fratre
605 709 747 774 Lucretii
770 719 925 793 poemata
947 711 1053 790 legere
1077 710 1253 792 incipiente
1275 719 1410 790 rogatus
1432 709 1524 774 vide-

177 804 232 862 tur
255 816 330 862 esse
354 797 387 860 in
410 797 580 878 superiore
612 798 723 878 aliqua
757 798 899 880 epistula
929 799 1096 881 adipsum
1118 798 1251 881 scripta,
1274 799 1309 862 in
1332 817 1399 880 qua
1421 795 1526 874 Quin-

178 892 231 950 tus
265 885 352 948 ioter
370 884 446 950 alia.
471 892 508 949 ut
531 885 657 966 opinor,
683 885 793 965 etiam,
817 885 897 966 quid
930 886 971 958 de
1003 886 1193 952 Lucretiani
1224 885 1381 951 carminis
1415 884 1526 950 indole

177 972 325 1048 sentiret,
348 970 481 1037 rettulit.

282 1057 349 1122 Cur
374 1055 442 1122 Cic.
478 1059 586 1136 locum
628 1067 876 1125 controversum
912 1070 943 1125 et
973 1059 1174 1140 gravissimis
1207 1060 1404 1124 obstrictum
1438 1057 1531 1128 disti.

177 1145 355 1211 cultatibus
378 1145 425 1210 ita
447 1145 686 1234 restituendum
710 1166 873 1226 censeam,
898 1149 996 1212 certis
1018 1146 1165 1211 adducor
1188 1149 1307 1224 causis,
1333 1165 1418 1230 quae
1441 1147 1524 1212 etin

177 1232 332 1299 carminis
354 1231 545 1298 Lucretiani
590 1241 782 1314 argumento
807 1241 905 1315 atque
938 1234 1049 1298 indole
1072 1239 1104 1298 et
1127 1234 1161 1296 in
1195 1232 1364 1299 Ciceronis
1397 1234 1527 1298 dicendi

175 1339 296 1404 genere
330 1326 363 1384 et
386 1320 526 1400 denique
549 1319 583 1384 in
605 1329 754 1386 veterum
778 1323 980 1404 scriptorum
1017 1321 1146 1386 iudiciis
1163 1321 1203 1386 de
1225 1321 1368 1387 Lucretii
1391 1321 1524 1400 ingenio
1566 1316 1567 1322 ’

177 1408 313 1488 eiusque
367 1408 524 1471 carminis
582 1413 700 1472 natura
734 1409 954 1491 pronuntiatis
991 1416 1068 1473 sunt
1106 1410 1244 1491 positae.
1277 1407 1369 1474 Nam.
1386 1407 1526 1488 Lucretii

176 1493 382 1579 poematibus
406 1493 558 1560 sublimis
582 1495 703 1574 ingenii
728 1497 854 1561 lumina
875 1493 1094 1561 inesse'multi
1118 1514 1233 1560 eorum
1257 1495 1319 1562 loci
1356 1495 1527 1560 evidenter

175 1581 326 1666 probant,
351 1588 450 1664 atque
472 1582 632 1665 imprimis
663 1583 864 1665 singulorum
889 1583 1045 1649 librorum
1068 1583 1211 1661 exordia,
1236 1584 1419 1667 exquibus
1442 1591 1528 1646 tam·

176 1689 276 1754 quam
298 1688 338 1734 ex
360 1669 534 1734 uberrimis
560 1669 705 1735 lontibus
725 1690 824 1736 verae
848 1689 987 1752 poeseos
1010 1669 1108 1734 rivuli
1131 1669 1301 1735 ebulliunt.
1334 1670 1448 1752 Neque
1472 1688 1524 1734 ar-

176 1758 291 1824 tamin
315 1757 357 1820 iis
384 1755 565 1822 desiderari
583 1776 698 1822 eorum
710 1763 939 1839 argumentum
962 1759 1066 1837 docet,
1092 1758 1190 1839 quod,
1213 1765 1250 1823 ut
1273 1759 1346 1839 ipsa
1369 1757 1433 1822 sert
1454 1775 1528 1821 car·

181 1846 278 1909 minis
302 1843 491 1908 didascalici
523 1845 663 1925 indoles,
687 1851 784 1922 poeta
806 1864 873 1910 non
898 1845 1020 1910 liberae
1039 1845 1313 1927 contemplationi
1329 1851 1470 1909 naturae
1496 1851 1530 1908 et

178 1951 292 1998 rerum
329 1930 550 1996 humanarum
589 1932 648 1997 sed
685 1932 831 2014 diligenti
867 1932 1007 1997 rationis
1044 1931 1232 2014 Epicureae
1272 1931 1380 1996 studio
1404 1931 1530 1996 debuit.

180 2018 272 2084 Adde
295 2018 393 2102 quod,
418 2019 445 2081 si
470 2017 660 2084 Lucretiani
691 2021 848 2084 carminis
882 2039 1038 2085 numeros
1061 2039 1136 2083 curn
1161 2020 1384 2102 antiquiorum
1415 2022 1528 2100 poeta·

177 2125 251 2172 rum
259 2103 406 2170 versibus
419 2107 672 2189 comparaveris
684 2108 718 2170 in
731 2108 778 2172 eis
791 2107 895 2172 multo
919 2109 1078 2172 maiorem
1094 2112 1199 2172 artem
1224 2113 1322 2190 atque
1344 2105 1530 2170 volubilita-

178 2201 245 2260 tem
258 2211 357 2276 quam
368 2193 455 2275 apud
470 2192 610 2257 Ennium
624 2195 860 2276 scaenicosque
871 2204 988 2276 poetas
1004 2194 1149 2277 reperies
1162 2194 1289 2274 tibique
1307 2192 1530 2275 persuadebis

178 2279 366 2346 Lucretium
388 2298 546 2344 versuum
581 2281 728 2346 numeris
762 2289 794 2346 et
816 2282 864 2345 rei
887 2282 1043 2346 metricae
1075 2279 1200 2359 legibus
1234 2280 1449 2347 observandis
1473 2297 1529 2345 ae·

181 2368 294 2450 quales
318 2372 442 2448 poetae,
465 2366 555 2432 velut
580 2366 786 2452 Ciceronem,
810 2369 909 2451 plane
933 2367 1180 2452 adaequavisse.

282 2452 407 2531 Quibus
418 2453 459 2518 de
470 2455 577 2518 causis
601 2474 668 2520 non
691 2475 792 2520 ausus
816 2474 889 2519 sum
912 2457 946 2520 in
959 2462 1151 2526 contextum
1186 2453 1252 2518 Cic.
1268 2474 1316 2536 ep,
1342 2453 1429 2518 laud.
1446 2453 1529 2516 reci·

178 2559 257 2624 pere
275 2539 470 2624 particulam
485 2547 601 2621 ,non“‚
613 2561 710 2626 quam
724 2542 874 2608 nonnulli
896 2543 1049 2607 velante
1073 2541 1271 2608 vocabulum
1298 2542 1449 2622 „multis“
1476 2541 1527 2604 vel

157 2603 254 2694 'ante
269 2628 382 2693 vocab.
411 2627 569 2694 „multae“
588 2631 821 2710 subsequentis
837 2630 1076 2695 enuntiationis
1093 2631 1278 2695 inserentes
1288 2626 1531 2711 proponebant,

176 2735 251 2782 cum
260 2716 382 2782 rectius
391 2714 538 2779 facturus
551 2717 720 2797 viderer,si
731 2736 843 2782 vocem
854 2718 1159 2796 codicum,tamen“
1168 2753 1203 2761 —-
1211 2719 1309 2800 quam
1319 2734 1427 2799 neque
1436 2717 1528 2779 ante·

179 2803 297 2869 cedens
310 2802 611 2879 sententia,multis
623 2803 802 2869 luminibus
817 2805 1036 2885 ingenii“,nec
1045 2803 1335 2887 consequens,sed
1345 2822 1420 2867 cum
1429 2821 1469 2868 ea
1478 2803 1525 2866 le-

179 2892 283 2970 geris‘
299 2888 383 2954 ferre
396 2896 506 2970 potest
516 2895 549 2953 et
557 2909 663 2972 paene
683 2892 856 2958 excludere
879 2889 1224 2971 videtur,-Orellium
1234 2892 1282 2974 (in
1291 2888 1530 2955 commentario

177 2978 296 3061 prioris
306 2977 460 3042 editionis
470 2975 536 3041 Cic.
546 2978 641 3060 epist.
652 2980 786 3056 laud.,et
795 2979 1067 3059 Wesenbergium
1077 2979 1143 3060 (ad.
1155 2977 1258 3044 Cicer.
1268 2979 1398 3042 Tuscul.
1410 2976 1530 3059 disput.

177 3062 282 3148 IV,7.)
293 3069 425 3129 secutus
437 3064 472 3127 in
484 3065 634 3145 „etiam,“
650 3067 737 3148 quod
749 3067 947 3132 vocabulum
959 3066 1081 3148 optime
1091 3065 1155 3130 loci
1171 3065 1352 3131 sententiae
1366 3064 1529 3141 convenit,

177 3157 424 3218 commutarem.
447 3150 557 3215 Verba
594 3154 656 3217 loc.
691 3153 777 3218 laud.
809 3172 894 3235 quae
927 3161 1111 3233 sequuntur
1151 3153 1228 3231 ,sed
1251 3171 1327 3216 eum
1350 3169 1390 3216 ea
1413 3150 1532 3228 legeris

179 3239 265 3320 (scil.
289 3242 443 3320 poemata
465 3236 709 3321 Lucr.),virum
731 3247 763 3306 te
788 3242 921 3321 putab0‚
947 3241 975 3305 si
1000 3239 1146 3304 Sallustii
1162 3238 1379 3321 Empedoclea
1401 3237 1531 3318 legeris,

177 3326 344 3392 hominem
367 3343 435 3388 non
457 3324 597 3405 putabo“
623 3327 710 3402 hunc
734 3347 867 3393 sensum
891 3327 1044 3393 exhibere
1081 3326 1253 3392 videntur:
1278 3325 1423 3390 Lucretii
1447 3342 1525 3408 poe·

178 3420 269 3478 mata
290 3412 467 3476 admodum
491 3412 634 3479 difficilia
664 3421 741 3479 suut
771 3415 1010 3495 adlegandum
1035 3421 1069 3480 et
1090 3414 1354 3495 intellegendum,
1379 3411 1526 3478 Sallustii

178 3509 290 3566 autem
312 3498 527 3581 Empedoclea
550 3502 729 3567 admodum
752 3509 830 3566 sunt
852 3502 969 3567 facilia.

282 3603 478 3670 Universum
524 3605 603 3671 illud
648 3605 815 3673 Ciceronis
847 3607 886 3674 de
918 3607 1068 3673 Lucretio
1102 3606 1258 3671 iudicium
1289 3607 1344 3686 ita,
1367 3611 1528 3686 utsupra

178 3693 421 3776 proposuimus
445 3692 685 3758 conformatum
710 3696 808 3759 etiam
826 3701 975 3760 veterum
998 3694 1194 3776 scriptorum
1220 3693 1418 3759 testimoniis
1433 3711 1524 3758 com·

178 3782 345 3864 probatur.
379 3778 461 3843 Cum
493 3781 581 3846 enirn
604 3782 639 3846 in
662 3783 770 3848 locum
793 3781 886 3847 Gellii
910 3781 1004 3846 Noet.
1028 3782 1094 3846 Att.
1118 3779 1144 3858 I,
1168 3785 1230 3858 21,
1255 3783 1310 3864 qui
1333 3779 1524 3844 Lucretium

283 3971 304 4040 ¹)
323 3971 407 4026 Docti
425 3970 480 4025 viri
498 3970 534 4024 de
553 3971 687 4026 Sallustio
706 3970 822 4025 laudato
841 3972 896 4025 hoc
916 3974 979 4026 loco
999 3987 1057 4024 non
1075 3969 1263 4026 consentiunt.
1285 3969 1355 4024 Cum
1375 3969 1424 4024 alii
1452 3969 1528 4022 hunc

181 4041 346 4098 Sallustium
365 4041 486 4096 eundem
497 4044 581 4108 atque
593 4042 701 4096 clarum
711 4041 879 4095 historicum
890 4049 956 4096 esse
974 4044 1154 4109 suspicentur
1167 4040 1212 4109 (A.
1233 4041 1369 4107 Schoene,
1381 4038 1531 4094 Fleiclrcis

176 4128 240 4168 ann.
259 4112 301 4179 93,
322 4112 393 4180 751),
412 4110 578 4166 existimant
597 4111 644 4165 alii
665 4112 831 4166 Sallustium
841 4112 896 4165 hoc
914 4114 986 4178 locor
996 4110 1151 4180 laudatum,
1171 4124 1236 4164 esse
1256 4125 1428 4178 praenomen
1454 4107 1526 4164 Gnei

178 4183 332 4284 gerentem,
344 4181 432 4303 gaius
451 4181 481 4235 in
501 4179 647 4250 Ciceronis
683 4181 814 4249 epistulis
852 4182 986 4251 frequens
1015 4181 1046 4235 fit
1073 4180 1191 4235 mentio.
1227 4178 1303 4248 (vid.
1333 4177 1454 4234 Teuffeli
1471 4176 1529 4232 Lit.

177 4253 261 4307 Rom.
282 4269 308 4306 u.
327 4266 342 4305 e
364 4292 371 4306 .
391 4253 441 4308 192
468 4253 492 4306 1.

284 4323 306 4386 Ι)
327 4320 374 4375 Sic
391 4253 553 4388 corbuplum
572 4320 826 4388 locumlegendum
841 4335 961 4390 censoo;
979 4319 1092 4374 codices
1105 4320 1226 4374 habent:
1246 4317 1386 4390 „Lucretii
1397 4319 1530 4386 poemata

178 4393 210 4445 ut
229 4390 332 4444 scribis
350 4389 391 4444 ita
409 4394 476 4444 sunt
502 4390 600 4445 multis
625 4389 780 4444 luminibus
804 4390 910 4460 ingenii
929 4392 1035 4446 multae
1063 4393 1158 4444 tamen
1184 4387 1253 4442 artis
1273 4387 1398 4442 sedeam
1416 4386 1529 4441 veneris

178 4459 273 4514 virum
289 4463 317 4515 te
336 4460 442 4528 putabo
463 4458 487 4514 si
508 4459 635 4516 Sallustii
653 4460 707 4514 Em
728 4460 847 4515 edoclea
880 4460 983 4529 legeris
1001 4459 1147 4514 hominem
1166 4474 1223 4512 non
1241 4455 1424 4526 putabo.“De
1443 4454 1530 4510 variis

179 4528 328 4584 doctorum
346 4529 473 4583 virorum
492 4529 662 4585 coniecturis
681 4477 726 4583 ad¹
735 4531 809 4584 hunc
822 4532 916 4585 locum
936 4527 1130 4598 spectantibus
1158 4527 1214 4582 vid.
1234 4527 1355 4583 Teuffeli
1374 4526 1427 4582 Lit.
1446 4526 1529 4581 Rom.

179 4598 223 4655 ed.
242 4605 267 4656 d.
285 4600 346 4670 203,
365 4604 398 4668 2,
417 4599 465 4653 ubi
485 4599 571 4654 etiam
591 4602 737 4654 auctorum
756 4599 863 4669 scripta
882 4599 969 4654 allata
985 4597 1120 4668 reperies
