3410 5168
821 303 862 368 26

166 503 332 567 inte‘lecto
371 503 412 567 ad
436 503 576 570 Lucretii
608 504 754 570 furorem
797 507 958 588 respicere
1002 506 1207 572 existimaret
1249 505 1375 568 Ansam
1398 512 1510 572 autem

166 590 338 670 opinionis,
371 589 562 656 Lucretium
593 611 724 658 carmen
748 593 835 658 inter
857 593 1030 658 intervalla
1053 592 1201 658 insaniae
1232 592 1403 676 scripsisse
1429 591 1507 656 sibi·

166 695 228 758 que
272 696 389 740 manus
433 677 599 757 intulisse,
667 683 796 760 praeter
864 680 954 744 illum
1013 698 1148 744 versum
1214 678 1398 762 imperfecti
1444 697 1516 744 car-

164 763 262 828 minis
285 770 398 844 status,
438 784 502 846 quo
527 784 690 850 quemque
727 767 848 832 ollandi
886 785 1021 832 necesse
1045 771 1125 843 erat,
1151 765 1343 846 praebuisse
1366 764 1506 831 videtur.

164 849 259 924 Illud,
284 851 371 934 quod
394 859 490 932 poeta
513 853 674 918 amatorio
699 855 815 934 poculo
840 855 874 918 in
899 855 1041 920 furorem
1063 872 1181 917 versus
1205 871 1278 920 esse
1302 853 1507 930 credebatur,

164 939 375 1018 repetendum
401 958 474 1003 csse
497 958 616 1004 censeo
652 941 703 1005 vel
737 959 777 1002 ex
799 940 1023 1024 argumento¹)
1062 940 1227 1016 carminis,
1250 939 1284 1004 in
1308 940 1401 1006 cuius
1424 939 1507 1004 libro

163 1022 219 1088 IV.
247 1026 338 1092 1058.
373 1044 421 1104 sq.
445 1027 515 1090 veri
538 1027 661 1092 amoris
695 1028 840 1092 studium
863 1030 1074 1092 vehementer
1103 1028 1316 1108 impugnatur
1338 1034 1371 1091 et
1393 1025 1508 1091 irride-

164 1117 226 1186 tur,
250 1112 301 1177 vel
323 1131 363 1177 ex
387 1131 478 1176 more
511 1113 599 1177 illius
633 1115 798 1195 temporis
834 1135 899 1198 quo
933 1115 1051 1198 pocula
1079 1114 1243 1185 amatoria
1274 1115 1308 1177 in
1331 1133 1393 1178 usu
1416 1121 1513 1180 erant

164 1207 197 1262 et
211 1217 310 1262 causa
333 1197 452 1264 luroris
476 1215 547 1266 csse
563 1201 759 1266 terebantur.
785 1201 982 1284 Opinionem
1006 1202 1157 1281 denique,
1182 1199 1373 1266 Ciceronem
1396 1201 1514 1266 carmi-

167 1286 218 1347 nis
241 1285 431 1350 Lucretiaui
456 1305 531 1352 esse
556 1288 802 1354 emendatorem
826 1295 859 1354 et
881 1290 1049 1366 editorem,
1073 1289 1149 1354 inde
1171 1293 1279 1353 ortam
1303 1307 1377 1354 esse
1401 1288 1509 1369 suspi-

164 1390 231 1450 cor,
255 1373 342 1455 quod
364 1373 404 1436 Μ.
430 1372 553 1451 Cicero,
570 1375 625 1458 qui
649 1375 787 1440 Lucretii
811 1378 1014 1458 temporibus
1037 1383 1070 1441 et
1095 1373 1327 1440 celeberrimus
1351 1375 1402 1438 vir
1424 1381 1513 1440 esset

167 1464 200 1522 et
222 1465 325 1524 artem
350 1462 511 1542 poeticam
534 1461 699 1528 lectitaret
722 1470 756 1538 et
777 1464 1003 1546 philosophiae
1027 1463 1174 1527 studium
1192 1461 1324 1528 coleret.
1340 1461 1515 1528 videbatur

164 1546 363 1696 aptqssimos
389 1548 463 1672 ²cui
496 1550 645 1614 recensio
684 1551 850 1630 carminis,
895 1553 937 1616 ab
961 1551 1070 1630 ignoto
1094 1549 1236 1632 quodam
1269 1550 1402 1614 homine
1424 1549 1515 1633 editi,

164 1652 220 1694 vrn
245 1635 386 1699 icaretur
409 1645 427 1699 l.

266 1735 318 1802 Ex
341 1740 504 1815 omnibus,
529 1759 613 1819 quae
636 1758 735 1822 supra
760 1741 964 1822 protulimus,
989 1740 1191 1818 argumentis
1220 1747 1368 1821 apparet,
1393 1739 1508 1804 Hiero-

162 1825 253 1903 nymi
266 1825 305 1889 de
318 1831 433 1906 poetae
457 1826 567 1890 lurore
591 1833 623 1890 ct
645 1827 790 1891 violenta
813 1837 919 1891 morte
943 1829 1173 1903 narrationem,
1206 1845 1404 1909 quamquam
1431 1824 1510 1890 Sue-

162 1911 253 1976 tonio
284 1921 420 1976 auctore
454 1914 581 1989 nititur,
617 1914 679 1978 lide
714 1914 882 1992 indignam
914 1932 987 1978 esse
1046 1912 1117 1976 Iam
1149 1931 1225 1978 vero
1250 1919 1361 1990 restat,
1387 1917 1423 1976 ut
1445 1931 1507 1976 nos

161 1999 296 2062 crimine
320 2000 563 2064 inconstantiae
588 1999 809 2078 defendamus,
819 2002 975 2080 iuquam-1
989 2000 1172 2077 incidimus,
1195 2019 1271 2064 cum
1295 2019 1396 2081 supra
1419 1999 1505 2064 dixi·

162 2104 245 2164 mus,
270 2085 462 2151 Suetonium
486 2087 520 2152 in
543 2088 620 2150 vitis
656 2087 834 2151 illustrium
870 2089 1017 2151 virorum
1049 2087 1283 2152 adumbrandis
1307 2088 1451 2168 optimos
1476 2093 1509 2152 et

161 2173 368 2254 incorruptos
401 2173 509 2238 tontes
532 2181 681 2238 secutum
705 2175 840 2238 omniuo
864 2193 939 2240 raro
964 2193 1023 2241 nec
1046 2175 1112 2238 nisi
1135 2175 1275 2238 inscium
1301 2174 1382 2238 falsa
1405 2174 1509 2238 tradi-

161 2259 290 2338 disse.³)
325 2259 420 2340 Quod
456 2262 580 2325 crimen
604 2268 641 2324 ut
663 2263 832 2338 evitemus,
867 2281 1048 2338 monemus,
1074 2261 1271 2324 Suetonium
1294 2262 1328 2324 in
1351 2261 1442 2324 libris
1466 2261 1508 2324 de

160 2347 236 2409 viris
258 2347 437 2412 illustribus
462 2355 591 2428 praeter
615 2368 666 2412 res
692 2357 798 2412 certas
822 2355 1042 2429 probatasque
1066 2349 1210 2411 incertos
1233 2366 1361 2430 quoque
1392 2365 1503 2412 rumo-

160 2453 317 2516 resqoos
342 2435 404 2497 nisi
428 2435 527 2498 fando
551 2454 618 2498 non
641 2436 775 2514 audivit,
794 2438 910 2500 allerro
935 2435 1050 2499 solere.
1076 2434 1169 2512 Quod
1193 2454 1267 2498 cum
1291 2435 1377 2506 facit,
1404 2453 1503 2498 voca-

160 2519 244 2584 bulis
268 2521 482 2602 creditur,
507 2522 714 2600 traditur,
738 2530 849 2600 sunt,
874 2522 945 2605 qui
969 2525 1140 2603 putent,
1162 2521 1240 2585 alii
1264 2523 1511 2603 opinantur

159 2608 271 2671 utitur.
289 2608 385 2672 Tales
397 2630 426 2670 v.
444 2629 489 2689 gr.
506 2629 656 2674 rumores
668 2611 814 2674 invenies
826 2610 940 2674 allatos
953 2609 1087 2674 inlibris
1098 2609 1139 2673 de
1152 2617 1323 2686 grammat.
1341 2615 1374 2674 et
1384 2609 1507 2673 rhetor.

160 2694 250 2758 Reili
277 2699 411 2760 sueton.
435 2717 466 2777 p.
492 2700 553 2762 toa
596 2698 640 2760 l6.
666 2699 825 2760 23—111.
851 2698 989 2759 2-112.
1016 2697 1176 2758 12-113.
1202 2701 1339 2762 5-117.
1368 2697 1506 2760 1-124.

166 2787 189 2840 l.
221 2785 267 2848 15.
284 2782 362 2845 --in
385 2784 453 2846 vita
478 2782 571 2848 Caes.
593 2785 647 2849 86.
669 2783 846 2862 —August
871 2783 924 2846 94.
959 2784 1065 2864 (mera
1087 2783 1261 2862 miracula)
1276 2781 1429 2861 —Calig.
1454 2781 1506 2846 50.

161 2873 212 2928 57.
236 2877 268 2932 et
293 2871 405 2934 multis
438 2871 513 2934 aliis
546 2871 635 2933 locis.
673 2869 787 2949 Neque
810 2869 946 2934 dubium
968 2877 1028 2946 est,
1053 2871 1133 2952 quin
1156 2869 1334 2934 Suetonius
1366 2869 1508 2934 eundem

160 2955 193 3018 in
219 2957 352 3019 modum
377 2957 416 3020 de
439 2955 585 3021 Lucretii
598 2957 714 3034 lurore,
732 2955 773 3020 de
791 2955 947 3020 Cicerone
972 2957 1107 3034 editore,
1132 2957 1172 3020 de
1195 2959 1340 3022 violenta
1364 2957 1508 3021 Lucretii

164 3050 271 3106 morte
295 3044 467 3108 rettulerit.

262 3147 436 3228 Reliquum
461 3153 521 3224 est,
546 3152 582 3208 ut
605 3165 723 3210 causas
755 3147 969 3227 exploremus
1005 3165 1064 3210 cur
1086 3147 1157 3210 illas
1181 3166 1246 3227 res,
1282 3166 1365 3228 quas
1390 3147 1506 3210 Sueto·

158 3235 231 3296 nius
254 3252 312 3316 pro
336 3234 463 3298 incerto
485 3251 613 3297 rumore
638 3233 791 3298 habuisse
815 3234 953 3311 videtur,
977 3233 1196 3315 Hieronymus
1220 3236 1240 3298 l.
1264 3235 1284 3298 l.
1309 3253 1375 3298 non
1400 3233 1506 3298 solum

159 3321 364 3401 expresserit,
375 3322 433 3385 sed
456 3323 556 3386 etiam
575 3323 620 3384 ita
632 3339 671 3384 ao
688 3321 716 3382 si
729 3321 805 3384 illae
827 3329 937 3385 certae
960 3323 1184 3403 probataeque
1202 3327 1323 3398 essent,
1336 3339 1505 3402 expresse·

158 3408 210 3470 rit.
244 3406 321 3471 Illas
353 3426 431 3472 vero
465 3408 553 3470 haud
590 3414 715 3472 temere
748 3425 809 3471 nec
831 3409 901 3472 sine
924 3408 1033 3490 aliquo
1065 3407 1202 3472 consilio
1225 3414 1505 3472 commemoratas

157 3513 241 3572 esse,
266 3513 307 3559 ex
330 3496 401 3576 ipse
423 3495 604 3560 testimonii
626 3493 715 3558 Hier.
747 3493 895 3558 ubertate
918 3501 1063 3576 apparet,
1098 3495 1192 3558 cuius
1215 3497 1366 3577 exempla
1389 3493 1505 3558 admo-

158 3583 235 3646 dum
258 3601 334 3646 raro
365 3581 399 3645 in
428 3580 599 3646 Chronicis
633 3581 822 3661 Hieronymi
867 3583 1085 3662 reperiuntur,
1121 3583 1178 3662 qui
1201 3583 1300 3645 etiam
1325 3589 1405 3660 tum,
1428 3600 1504 3644 cum
1586 3591 1589 3598 “

158 3669 445 3734 celeberrimorum
471 3670 669 3750 scriptorum
693 3685 745 3732 res
777 3675 918 3748 enarrat,
957 3670 1086 3750 spissus
1109 3674 1142 3732 ct
1167 3669 1275 3733 brevis
1309 3688 1382 3735 esse
1406 3669 1503 3732 solet.

158 3755 319 3836 Equidem
352 3757 438 3819 haud
474 3756 701 3828 dubitaverim,
737 3773 882 3833 causam,
907 3774 972 3835 qua
994 3755 1211 3836 Hieronymus
1243 3756 1403 3820 adductus
1428 3755 1501 3818 illas

157 3863 211 3908 res
236 3841 407 3907 Chronicis
439 3843 633 3920 inseruerit,
666 3850 813 3923 repetere
836 3861 875 3906 ex
897 3842 1014 3906 habitu
1036 3844 1108 3906 eius
1132 3843 1244 3920 animi,
1285 3844 1340 3926 qui
1375 3859 1506 3905 summa

157 3930 338 4013 cupiditate
362 3931 462 3993 miras
485 3936 518 3993 et
539 3930 716 3994 insolentes
740 3947 794 3994 res
817 3929 1002 3994 allectabat,
1036 3929 1105 3993 Hoc
1127 3931 1239 3992 multis
1265 3928 1505 3994 (turonicorum

262 4141 281 4204 ¹)
303 4137 421 4206 Schanz,
458 4136 522 4189 Litt.
542 4136 622 4189 Rom.
643 4152 667 4204 p.
688 4135 753 4189 136:
793 4133 935 4202 ,dagegen
956 4136 1031 4190 kann
1050 4134 1280 4190 dieGeschichte
1300 4152 1366 4190 vom
1386 4135 1504 4190 Liebes·

157 4205 238 4259 trank
256 4221 310 4257 nur
328 4206 391 4258 eine
418 4205 563 4272 Dichlung
584 4206 654 4271 sein,
672 4203 816 4258 vielleicht
835 4203 961 4258 dadurch
980 4207 1210 4274 herrorgerulen,
1231 4205 1299 4259 dass
1319 4206 1370 4260 der
1387 4205 1507 4260 Dichter

156 4291 189 4328 so
210 4276 276 4328 sehr
295 4291 384 4342 gagen
403 4274 449 4328 die
468 4275 557 4328 Liebe
576 4275 695 4342 geeilert
712 4273 814 4327 halte.“

259 4363 284 4430 ²)
303 4361 450 4416 Editorcrn
469 4366 565 4416 autem
585 4362 750 4416 necessario
775 4361 939 4428 requirebat
965 4361 1057 4416 semel
1086 4363 1169 4430 capla
1200 4363 1371 4432 coniectura,
1390 4365 1505 4431 poetam

156 4431 231 4553 {quer
249 4431 549 4554 insqnilagsqntervalla
567 4448 683 4486 carmen
710 4431 872 4499 scripsisse,
893 4430 1014 4500 sibique,
1033 4431 1200 4500 priusquam
1230 4431 1300 4486 illud
1320 4431 1506 4503 elimavissct,

187 4517 258 4554 anus
278 4517 360 4554 rnur
415 4541 420 4552 .

259 4589 281 4656 ³)
301 4585 363 4642 Vid.
381 4591 498 4642 nostrae
519 4587 632 4642 dissert.
652 4603 680 4656 p.
699 4587 741 4641 34.
