3410 5168
792 181 894 274 A

166 393 322 463 mortuus,
367 385 497 462 attinet,
528 403 603 453 eum
633 385 667 447 iu
698 383 822 448 Donati
856 385 1042 449 testimonio
1076 386 1099 447 1.
1131 391 1218 448 recte
1253 383 1419 464 proditum
1442 400 1517 447 esse

165 467 338 540 contendo.
361 467 477 552 Neque
499 472 586 536 enim
598 469 786 536 coniectura
801 473 1024 552 investigatus,
1044 471 1102 536 sed
1114 489 1154 536 ex
1164 471 1349 551 antiquiore
1373 469 1516 550 quodam

167 560 256 628 toute
295 557 496 642 incorrupto,
534 577 632 639 quem
655 559 796 623 Lucretii
828 559 932 623 vitam
955 577 975 622 a
1001 559 1160 624 Suetonio
1191 557 1421 622 adumbratam
1444 573 1517 621 esse

168 648 328 800 sgspickprt,
350 643 478 711 videtur
500 645 580 709 mihi
593 647 771 710 translatus
783 645 825 710 ah
838 653 973 711 auctore
989 646 1167 711 testimonii
1176 645 1273 723 laud,
1287 645 1374 729 quod
1390 643 1517 716 Donato

166 755 186 800 a
209 755 273 800 scri
298 753 372 798 rur.

270 855 329 920 Oui
353 850 494 936 tempori
516 855 638 938 optime
662 856 863 918 conveniunt
896 873 948 920 res
972 874 1103 936 quoque
1127 856 1274 919 carmine
1319 855 1515 918 Lucretiano

168 947 350 1018 enarratae,
375 961 514 1024 quarum
537 941 627 1004 nulla
650 959 773 1006 annum
797 961 825 1006 a.
852 937 925 1006 Chr.
949 945 1001 1007 05
1026 941 1163 1007 excedit.
1198 941 1268 1006 Hoc
1292 941 1453 1023 imprimis
1478 962 1518 1008 ex

168 1031 321 1098 carminis
352 1029 392 1094 de
424 1045 534 1094 rerum
568 1039 687 1093 natura
719 1037 856 1114 apparet
887 1031 1069 1112 prooemio,
1103 1025 1191 1110 quod
1215 1035 1312 1112 poeta
1335 1049 1402 1094 non
1426 1027 1518 1098 rrius

168 1116 403 1200 conscripsisse
448 1115 586 1198 videtur,
634 1135 732 1197 quam
765 1135 929 1180 summam
970 1114 1125 1181 carminis
1160 1113 1202 1180 ad
1236 1119 1334 1182 finem
1368 1117 1519 1198 perduxit

170 1205 381 1286 animumque
406 1205 472 1268 iarn
497 1203 631 1283 singulis
655 1204 724 1268 eius
747 1200 896 1286 partibus
918 1200 1110 1268 ordinandis
1136 1210 1168 1269 et
1192 1203 1342 1268 versibus
1365 1203 1515 1268 excolen-

168 1287 217 1357 dis
241 1308 281 1356 ac
299 1287 522 1374 perpetiendis
547 1287 696 1356 advertit.
722 1287 842 1356 Verum
867 1293 901 1356 in
923 1291 985 1356 hac
1015 1291 1140 1373 ultima,
1175 1310 1273 1374 quam
1297 1292 1435 1356 carmini
1459 1311 1517 1354 na-

167 1380 267 1453 vavit,
292 1395 392 1461 opera
429 1385 559 1459 poetam
593 1385 700 1442 morte
739 1379 877 1460 subitan
916 1377 1108 1460 impeditum
1149 1375 1258 1458 fuisse,
1282 1398 1321 1443 ex
1345 1377 1517 1460 desperato

167 1468 323 1532 carminis
354 1472 443 1528 statu
475 1467 691 1544 cognoscitur,
715 1467 749 1528 in
773 1485 837 1549 quo
873 1473 906 1530 et
927 1487 1017 1530 nunc
1041 1472 1092 1530 est
1122 1476 1154 1530 et
1180 1472 1254 1546 post
1277 1472 1416 1530 mortem
1441 1485 1519 1546 poe·
1600 1525 1602 1533 1
1696 1517 1697 1528 ,

169 1559 220 1619 tae
244 1553 346 1618 luisse
368 1551 504 1616 videtur.
540 1549 653 1635 Neque
678 1554 766 1618 enim
790 1552 877 1620 credi
902 1560 1019 1636 potest,
1045 1555 1166 1634 omnia,
1200 1551 1283 1634 quae
1307 1571 1440 1616 carmen
1463 1553 1524 1618 de·-

166 1637 307 1706 lormant
331 1639 460 1703 vitia-
485 1657 505 1702 a
528 1641 646 1720 quibus
668 1659 709 1704 ne
733 1639 857 1722 primus
881 1641 1010 1721 quidem
1035 1635 1119 1705 liber
1142 1647 1287 1704 vacat-
1308 1641 1518 1704 librariorum

170 1730 296 1792 mediae
341 1725 461 1791 aetatis
493 1725 698 1805 ignoratione
737 1736 769 1792 et
792 1725 920 1792 incuria
958 1731 992 1791 in
1032 1727 1187 1792 carminis
1233 1735 1422 1792 contextum
1446 1745 1517 1792 esse

168 1811 267 1894 illata,
290 1813 381 1879 velut
403 1811 549 1891 hianteS,
586 1815 787 1896 interruptas
809 1815 861 1880 vel
884 1832 1000 1898 parum
1040 1817 1213 1879 immutata
1236 1814 1340 1878 torma
1364 1815 1521 1896 repetitas

170 1903 362 1980 sententias,
386 1919 501 1966 versus
525 1902 730 1966 alienissimo
754 1901 825 1966 loco
850 1900 975 1985 positos
999 1903 1050 1966 vel
1072 1903 1181 1983 inepte
1203 1903 1347 1977 iteratos
1373 1919 1518 1984 quorun-

169 1989 246 2053 dam
271 1991 415 2053 locorum
439 1989 622 2052 orationem
645 1990 812 2053 horridam
837 1999 938 2072 atque
960 1993 1170 2071 incomptam.
1204 1990 1324 2070 pedum
1361 2008 1517 2054 numeros

170 2077 271 2140 duros
291 2085 325 2141 et
348 2089 465 2158 parum
497 2072 664 2147 volubiles,

276 2197 366 2274 Quae
388 2194 467 2259 vitia
490 2193 572 2260 adeo
598 2199 675 2260 sunt
697 2197 801 2261 multa
834 2205 866 2262 et
890 2198 1076 2276 manifesta,
1112 2208 1147 2264 111
1182 2197 1310 2262 etiamsi
1333 2214 1522 2260 careremus

169 2286 356 2350 testimonio
387 2277 592 2364 Hieronymi,
626 2285 680 2367 qui
704 2295 834 2364 poetam
858 2305 975 2348 manus
1000 2284 1062 2350 sihi
1085 2281 1244 2362 intulisse,
1280 2301 1523 2366 carmenque-a

171 2369 330 2438 Cicerone
354 2365 477 2436 editum
500 2371 610 2449 tradit,
635 2391 675 2436 ex
699 2369 778 2452 ipsis
802 2374 956 2436 carminis
978 2373 1066 2435 vitiis
1091 2371 1291 2436 concludere
1315 2389 1516 2450 cogeremur,

171 2452 373 2539 Lucretium,
407 2457 599 2540 priusquam
622 2477 756 2523 carmen
790 2460 978 2524 absolutum
1002 2459 1169 2524 edidisset.
1197 2465 1302 2523 morte
1326 2457 1436 2522 subita
1457 2457 1515 2520 ab·

171 2553 300 2629 neptum
316 2545 430 2610 fuisse.
456 2541 493 2608 in
510 2545 607 2626 primi
623 2544 697 2610 libri
720 2549 889 2628 prooemio
913 2569 942 2611 v.
968 2547 1009 2614 26
1032 2567 1077 2628 sq.
1104 2557 1203 2630 poeta
1216 2545 1346 2611 Venere
1369 2545 1521 2608 invocata

172 2635 312 2717 supplex
343 2633 423 2716 petit
447 2635 488 2696 ab
524 2651 572 2710 ea,
598 2639 634 2696 ut
657 2634 834 2712 Romanos,
860 2634 914 2717 qui
938 2631 1015 2700 feris
1040 2643 1129 2699 terra
1151 2635 1299 2716 marique
1324 2630 1420 2696 bellis
1444 2649 1518 2712 per-

171 2721 354 2798 turbentur,
401 2721 526 2803 placida
575 2739 656 2802 pace
704 2721 765 2785 frui
798 2721 895 2792 sinat,
929 2721 1003 2805 quia
1035 2739 1142 2802 neque
1165 2723 1235 2802 ipse
1260 2721 1373 2802 iniquo
1399 2719 1525 2802 patriae

171 2813 317 2890 tempore
341 2819 446 2890 aequo
469 2807 578 2870 animo
611 2821 718 2888 agere,
752 2827 861 2890 neque
884 2805 1065 2876 Memmius.
1090 2827 1186 2891 quem
1220 2803 1332 2872 Venus
1370 2806 1522 2870 omnibus

171 2895 269 2964 rebus
293 2901 445 2959 ornatum
467 2891 625 2959 excellere
651 2891 800 2976 voluerit,
823 2897 990 2961 communi
1014 2897 1112 2960 saluti
1135 2897 1252 2960 deesse
1275 2895 1390 2977 possit.

276 2996 451 3064 Memmius
463 3005 584 3074 autem,
595 3002 688 3064 cuius
705 3001 738 3064 in
749 3000 896 3065 versibus
907 3019 1006 3081 supra
1017 3001 1103 3064 laud.
1113 3001 1148 3065 fit
1160 3001 1294 3081 mentio,
1308 2999 1438 3065 videtur
1453 3015 1526 3062 esse

173 3085 209 3152 C.
232 3087 416 3166 Memmius,
441 3085 531 3150 Lucii
561 3087 654 3166 tiliae,
685 3107 782 3170 quem
814 3087 881 3152 Cic.
914 3088 1007 3155 Brut.
1038 3090 1090 3167 70,
1114 3089 1177 3152 247
1201 3087 1379 3169 perfectum
1406 3083 1523 3150 litteris

172 3170 230 3240 sed
252 3169 388 3255 graecis,
434 3168 641 3238 fastidiosum
665 3193 745 3241 sane
768 3173 955 3248 latinarum,
982 3179 1133 3254 argutum
1158 3182 1323 3238 oratorem
1345 3172 1456 3239 verbis
1482 3190 1523 3236 ue

173 3257 313 3338 dulcem,
338 3259 395 3324 sed
418 3255 595 3339 lugientem
619 3281 685 3327 non
711 3262 807 3328 modo
839 3257 967 3327 dicendi
999 3248 1117 3328 'verum
1152 3263 1250 3328 etiam
1282 3259 1449 3342 cogitandi
1459 3191 1523 3323 ia·

172 3346 289 3416 borem
311 3347 419 3411 tradit.
454 3347 545 3412 Idem
577 3355 661 3414 teste
694 3348 810 3414 Ovidio
833 3343 930 3415 Trist.
964 3345 1008 3431 11,
1034 3349 1097 3414 433
1130 3349 1330 3414 carminibus
1354 3345 1523 3412 amatoriis

174 3429 359 3502 scribendis
382 3451 515 3516 operam
537 3439 679 3502 navavit.
717 3435 866 3502 Rationis
897 3435 1075 3521 Epicureae
1099 3435 1266 3502 studiosus
1290 3443 1434 3502 sectator
1457 3435 1520 3498 Pa·

173 3525 289 3602 tronis,
325 3522 511 3606 philosophi
544 3524 703 3605 Epicurei,
727 3525 931 3608 aliquamdiu
955 3526 1060 3590 Eoma
1082 3525 1316 3588 commorantis
1348 3527 1523 3588 consuetu·

174 3603 251 3676 dine
273 3609 427 3676 utebatur
460 3608 541 3689 (Cic.
558 3631 609 3693 ep.
633 3611 675 3675 ad
698 3605 827 3692 11111,
856 3615 903 3676 11.
928 3615 957 3676 6.
983 3623 1016 3676 et
1038 3611 1200 3694 imprimis
1224 3605 1265 3675 ad
1282 3609 1391 3675 Famil
1425 3607 1524 3687 XIII,

178 3693 205 3760 1.
254 3700 282 3760 a.
329 3703 403 3778 sq).
449 3693 557 3780 Atque
602 3696 782 3764 verisimile
819 3699 901 3763 mihi
931 3700 1060 3764 ridetur
1115 3697 1156 3762 ab
1180 3699 1298 3764 eodem
1334 3698 1527 3778 philosopho

175 3785 360 3850 Lucretium
377 3803 508 3868 quoque
523 3783 709 3866 Epicureae
725 3787 1013 3852 doctrinaestudio
1025 3787 1191 3850 initiatum
1210 3800 1292 3862 esse,
1303 3797 1527 3849 communem-

175 3890 239 3956 que
262 3871 482 3954 praeceptoris
512 3887 607 3936 usum
638 3871 796 3941 effecisse.
821 3877 857 3938 ut
892 3881 990 3956 poeta
1031 3869 1196 3950 Memmio,
1231 3873 1323 3936 cuius
1346 3870 1528 3936 amicitiam

177 3961 211 4024 et
232 3961 369 4040 gratiam
392 3953 453 4022 sibi
476 3959 652 4024 conciliare
674 3967 816 4041 cuperet,
840 3975 936 4025 suum
961 3961 1000 4024 de
1024 3979 1132 4024 rerum
1170 3967 1290 4023 natura
1312 3977 1446 4023 carmen
1468 3957 1526 4021 de-

177 4046 311 4112 dicaret.
336 4046 426 4111 idem
449 4045 623 4112 Memmius
639 4049 740 4112 etiam
765 4050 798 4112 in
821 4049 920 4113 rebus
945 4047 1085 4129 puhlicis
1108 4045 1310 4110 versabatur.
1336 4045 1417 4109 Num
1443 4065 1472 4108 a.
1497 4063 1526 4108 a.

75 4203 77 4210 ,
177 4133 254 4200 car.
279 4137 319 4198 66
353 4135 565 4212 tribunatum,
589 4154 618 4200 a.
644 4138 694 4200 58.
718 4144 907 4217 praeturam
930 4136 1049 4218 gessit,
1073 4150 1101 4196 a.
1126 4138 1178 4200 57.
1203 4151 1262 4214 pro
1287 4140 1436 4213 praetore
1461 4134 1523 4212 By·

176 4223 316 4288 thiniam
338 4222 590 4296 administravit,
627 4223 681 4288 ubi
703 4224 736 4286 in
760 4237 820 4287 sua
844 4221 976 4288 cohorte
1012 4216 1162 4286 Helvium
1194 4217 1335 4284 Cinnam
1359 4228 1391 4284 et
1415 4218 1528 4284 Catui-

179 4365 434 4373 ...-—.--.-.-—.-—--
441 4365 489 4372 ...α

286 4417 308 4482 ¹)
328 4415 402 4470 Num
435 4415 601 4482 Hieronymi
620 4415 709 4468 verba
738 4415 901 4468 Lucretium
930 4413 985 4466 sibi
1015 4423 1117 4464 manus
1145 4410 1280 4464 iniecisse
1318 4407 1456 4464 tradentis
1475 4405 1532 4462 lide

181 4487 270 4558 digna
290 4487 356 4553 sint,
373 4485 449 4542 inira
467 4483 641 4539 docebimus.
