3410 5168
852 195 889 252 12

199 397 265 460 lum
276 396 523 477 poetashabuit.
538 395 575 461 A.
587 397 638 462 53.
653 396 861 462 consulatum
878 405 1003 480 petens,
1021 417 1095 462 cum
1112 400 1277 481 repulsam
1294 401 1424 465 tulisset
1439 399 1545 464 ambi-

200 493 318 563 tusque
342 491 428 547 esset
451 492 636 562 accusatus,
662 485 695 547 in
718 486 938 550 voluntarium
963 486 1114 551 exsilium
1138 489 1172 551 in
1196 485 1369 552 Graeciam
1381 487 1549 568 proiectus

198 570 330 642 estubi
344 588 372 633 a.
390 571 449 634 -49,
474 589 504 633 a.
530 571 603 634 Chr.
628 572 715 636 diem
729 591 920 654 supremum
937 573 1061 652 obiit¹t
1085 573 1135 637 Ex
1158 575 1269 647 verbis
1292 573 1387 638 Lucr.
1414 576 1464 638 26.
1487 592 1548 655 sq.:

280 673 411 758 -„Qu0s
434 693 494 752 ego
519 675 558 738 de
580 692 690 738 rerum
715 682 833 739 natura
855 695 997 758 pangere
1020 696 1123 742 conor

298 779 514 844 Memmiadae
537 788 662 856 nostro.
687 799 786 863 quem
810 790 846 844 tu
869 781 931 845 dea
956 789 1104 864 tempore
1128 783 1274 880 inomni

301 883 461 950 Omnibus
485 890 636 949 ornatum
668 885 804 950 voluisti
827 886 984 951 excellere
1014 890 1139 968 rebus*
1158 905 1294 970 —qnae
1325 903 1478 963 expresse
1501 884 1545 950 si-

201 971 561 1054 gnificantMemmium
571 980 640 1037 tum
651 974 806 1054 temporis
817 979 1000 1054 praetorem
1010 975 1117 1053 fuisse,
1129 975 1403 1055 nequedum,cum
1416 973 1456 1038 de
1469 993 1547 1038 con-

194 1059 302 1126 sulatu
326 1060 482 1140 depulsus
505 1066 605 1146 esset,
619 1061 653 1122 in
670 1059 819 1124 exsilium
833 1060 1018 1146 profectum
1031 1063 1221 1127 esse--iure
1234 1062 1343 1138 colligi
1368 1066 1484 1143 potest,
1509 1059 1550 1126 de

193 1157 434 1212 rerumnatura
446 1146 546 1211 libros
559 1147 677 1228 spatio,
688 1147 881 1229 quodannis
895 1148 945 1210 58.
958 1152 1083 1214 ethna
1106 1147 1171 1212 Chr
1197 1150 1401 1219 terminatur,
1418 1154 1546 1228 apoeta

194 1235 236 1299 ad
259 1233 637 1313 finemperductosesse.
663 1234 847 1298 Admodum
883 1235 971 1299 enim
995 1236 1172 1302 verisimile
1196 1241 1255 1308 est,
1279 1236 1353 1300 libri
1377 1235 1401 1298 l.
1427 1253 1548 1317 prooe-

196 1323 299 1386 mium
326 1339 454 1384 summa
478 1321 632 1385 carminis
643 1321 793 1385 conlecta
816 1323 974 1402 scripturn
1005 1342 1088 1388 esse.
1123 1323 1253 1406 idquod
1267 1324 1405 1388 aliorum
1419 1340 1549 1405 queque

197 1414 368 1490 poetarum
392 1407 552 1490 exemplis
576 1408 746 1473 evidenter
770 1410 979 1490 comprobari
1002 1415 1119 1491 potest.

300 1510 413 1576 Etiam
451 1513 628 1576 artioribus
665 1511 785 1576 finibus
824 1519 963 1595 tempus,
987 1533 1052 1594 quo
1075 1533 1210 1578 carmen
1244 1513 1466 1594 conscriptum
1489 1519 1549 1593 est,

191 1599 483 1679 constringendum
518 1619 593 1664 esse
631 1619 761 1678 caused,
786 1620 862 1664 cum
885 1609 1014 1684 reputo,
1039 1601 1109 1665 fieri
1133 1600 1290 1684 potuisse,
1315 1610 1351 1664 ut
1373 1599 1547 1666 Lucretius

198 1686 319 1751 Catulli
343 1692 376 1750 et
398 1685 522 1751 Cinnae
547 1686 778 1751 familiaritate.
805 1706 869 1768 qua
892 1707 967 1751 cum
991 1687 1142 1753 Memmio
1168 1687 1334 1752 coniuncti
1358 1694 1460 1764 erant,
1486 1689 1547 1751 im-

194 1775 310 1856 pulsus
334 1782 431 1846 esset,
458 1785 491 1838 ut
516 1774 661 1838 Memmii
685 1782 831 1855 captaret
853 1777 1004 1856 gratiam,
1027 1775 1061 1839 in
1086 1794 1183 1858 quam
1205 1774 1405 1841 sefacillime
1429 1775 1547 1840 carmi-

197 1863 295 1926 nibus
319 1861 349 1925 ci
372 1861 531 1924 dedicatis
555 1861 800 1925 insinuaturum
823 1862 987 1943 sperabat.

114 2036 116 2041 g
302 1968 484 2031 Consilium
530 1974 638 2033 autem
685 1968 839 2032 carminis
874 1970 1040 2034 scribendi
1079 1979 1111 2034 et
1134 1963 1288 2033 Memmio
1320 1965 1492 2030 dedicandi
1514 1964 1550 2028 in

194 2056 306 2120 auimo
331 2061 447 2136 poetae
459 2061 568 2119 ortum
583 2057 813 2136 essesuspicer
825 2063 978 2121 nonante
1000 2077 1123 2121 annum
1136 2058 1272 2137 57.,quo
1288 2053 1420 2118 Helvius
1445 2051 1551 2117 Cinna

194 2152 229 2208 et
252 2141 400 2205 Catullus
422 2142 567 2207 Memmii
603 2163 662 2224 pro
694 2151 844 2224 praetore
876 2145 910 2206 iu
933 2144 1086 2225 Bithynia
1118 2144 1283 2221 fungentis
1306 2149 1403 2205 erant
1428 2148 1548 2205 contu-

197 2229 348 2294 bernales
372 2231 509 2309 eiusque
533 2229 690 2310 singulari
714 2229 861 2294 amicitia
884 2238 917 2294 et
941 2233 1045 2309 gratia
1081 2233 1267 2296 utebantur.
1293 2227 1378 2292 Nam
1402 2246 1469 2292 non
1494 2231 1545 2292 est

197 2315 384 2380 verisimile.
421 2316 566 2380 futurum
598 2315 710 2388 fuisse,
735 2323 771 2379 ut
792 2323 899 2397 poeta,
935 2319 1120 2399 siquidem
1153 2337 1192 2381 eo
1216 2324 1366 2397 tempore
1389 2314 1546 2380 Memmio

196 2403 348 2483 cognitus
394 2410 479 2468 esset
525 2404 789 2486 carminibusque
825 2405 1007 2485 scribendis
1043 2423 1176 2487 operam
1211 2405 1364 2480 dedisset,
1395 2421 1434 2467 ex
1458 2401 1544 2465 illius

197 2491 257 2554 viri
281 2491 440 2555 societate
454 2499 514 2555 etc
530 2490 652 2555 mitatu
676 2489 945 2573 excluderetur‘2)
970 2490 1062 2570 Quae
1079 2492 1321 2574 sirespicimus,
1348 2487 1551 2571 probabilem

196 2597 270 2644 esse
294 2577 389 2643 uobis
414 2578 649 2658 persuademus
683 2579 917 2656 coniecturam,
950 2577 1097 2645 Lucretii
1135 2597 1269 2643 carmen
1300 2577 1446 2642 triennio
1480 2575 1549 2640 lere

196 2684 270 2731 esse
294 2669 511 2746 compositum
534 2665 630 2729 anuis
652 2667 782 2731 57-55
808 2664 946 2730 incluso.

301 2769 448 2848 Poetam
472 2789 545 2835 cum
573 2787 705 2833 carmen
725 2769 765 2833 de
779 2788 889 2834 rerum
914 2774 1207 2842 naturaconderet,
1225 2768 1444 2832 contractiore
1467 2771 1551 2832 tem-

201 2877 280 2940 pore
305 2877 402 2921 usum
424 2875 507 2936 esse,
531 2858 630 2920 etiam
655 2874 695 2920 ex
719 2856 887 2920 nonnullis
910 2857 1064 2921 carminis
1096 2857 1174 2921 locis
1198 2863 1346 2938 apparet,
1371 2854 1489 2935 quihus
1513 2872 1550 2919 se

198 2953 313 3009 noctes
337 2962 470 3008 serenas
516 2944 681 3025 vigilare³)
705 2944 803 3008 etad
826 2945 950 3009 calcem
989 2944 1097 3025 operis
1142 2943 1332 3008 tendentem
1365 2941 1552 3022 festinare⁴t

199 3034 375 3115 profitetur

302 3119 487 3182 Lucretium
522 3125 598 3181 ante
633 3136 756 3181 aunum
778 3137 808 3182 a.
833 3117 907 3182 Chr.
933 3121 983 3182 54.
1008 3117 1171 3181 decesisse
1203 3125 1292 3181 recte
1315 3115 1421 3196 colligi
1444 3121 1552 3197 potest

197 3207 299 3272 etiam
345 3225 384 3270 en
407 3205 515 3269 verbis
562 3205 627 3270 Cic.
666 3205 708 3268 ad
724 3204 880 3282 Quintum
913 3205 1047 3270 fratrem
1083 3205 1246 3286 epistulae
1280 3204 1414 3268 ineunte
1437 3219 1551 3266 mense

199 3291 384 3361 Februario
407 3311 436 3356 a.
462 3295 512 3356 54.
538 3311 567 3355 a.
592 3290 666 3356 Chr.
691 3292 833 3374 scriptae
857 3294 875 3372 ξ
898 3293 937 3356 3;
991 3291 1155 3358 „Lucretii
1179 3299 1342 3373 poemata,
1366 3297 1402 3354 ut
1424 3287 1552 3369 scribis,

198 3382 246 3445 ita
269 3388 361 3445 sunt:
397 3378 507 3443 multis
545 3379 723 3443 luminibus
760 3379 892 3460 ingenii,
927 3379 1047 3443 multae
1072 3379 1172 3444 etiam
1196 3378 1294 3456 artis;
1329 3378 1387 3441 sed
1412 3396 1486 3442 cum
1509 3393 1549 3440 ea

302 3573 325 3638 ¹)
344 3571 387 3623 De
407 3586 462 3692 guo
487 3568 544 3623 vid.
571 3569 661 3623 Teuii.
680 3570 759 3625 Real.
792 3567 861 3621 Eue.
903 3569 950 3624 tv.
998 3585 1023 3636 p.
1054 3569 1121 3623 1755
1155 3567 1227 3648 ¹¹2⁸·
1248 3569 1276 3620 et
1294 3565 1544 3647 eiusdemhiter

204 3641 360 3694 Romani>
389 3641 454 3694 eit.
487 3638 585 3706 (1890.)
623 3638 718 3710 5202,
737 3645 760 3692 2.
781 3640 887 3704 eruce,
921 3642 929 3688 l
961 3637 1035 3704 (suh.
1066 3637 1135 3703 liu),
1154 3637 1203 3690 ubi
1234 3637 1324 3700 locos
1345 3640 1373 3691 et
1392 3609 1555 3706 scriptaad

199 3709 366 3765 Memmium
395 3709 555 3777 spectantia
572 3708 702 3762 invenies
722 3709 848 3762 collecta.
873 3737 899 3746 -
922 3708 954 3764 0.
974 3707 1157 3772 Ribbeckius‚
1176 3706 1250 3760 Hist.
1269 3708 1352 3762 Poe's.
1372 3707 1454 3764 Rom.
1477 3709 1553 3762 1887.

201 3783 219 3834 t.
239 3779 258 3832 1.
279 3796 304 3847 p.
324 3781 382 3835 att.
401 3777 597 3847 negat‚s1rmis
614 3778 789 3845 argumentis
809 3778 923 3846 probari
942 3793 1038 3848 posse,
1059 3777 1161 3832 Catulli
1180 3777 1304 3830 amicum
1322 3775 1444 3830 eundern
1463 3777 1553 3832 Mem·

199 3849 285 3904 mium
304 3847 403 3916 fuisse,
423 3848 470 3916 qui
489 3864 513 3902 a.
533 3852 575 3902 57.
595 3864 619 3902 a.
640 3848 703 3902 Chr.
723 3863 773 3916 pre
794 3852 922 3915 praetore
941 3847 1102 3916 Bythiniam
1121 3845 1388 3901 administravisset.

304 3919 330 3985 ²)
349 3920 474 3973 Poetam.
502 3933 566 3970 cum
585 3932 701 3971 carmen
720 3922 911 3987 componeret,
926 3916 1051 3971 nondum
1070 3917 1099 3969 in
1117 3914 1247 3970 Memmii
1266 3915 1555 3972 amicorumnumero

203 3987 301 4054 fuisse,
323 3991 400 4042 recte
419 3987 513 4054 colligi
531 3988 627 4054 potest
646 4001 682 4040 ex
700 3987 781 4041 Luci.
801 3989 821 4042 l.
843 3990 893 4043 140
913 4003 964 4056 sq:
1425 4049 1428 4054 ,

306 4057 378 4126 „Sed
398 4061 447 4111 tua
466 4056 538 4123 (scil.
557 4055 747 4122 Memmiilme
766 4057 856 4112 virtus
894 4060 990 4111 tamen
1010 4060 1038 4110 et
1057 4058 1172 4124 sperata
1189 4055 1322 4122 voluptas

306 4127 408 4182 Suavis
428 4126 571 4180 amicitiae
591 4127 722 4194 quemvis
744 4129 863 4181 sullana
882 4127 1009 4182 laborem

306 4195 411 4251 Suadet
429 4199 457 4252 et
475 4195 584 4250 inducit
603 4199 701 4250 noctes
718 4196 836 4265 vigilare
855 4211 972 4251 serenas
988 4195 1001 4222 “
1143 4239 1155 4262 ,

306 4267 328 4329 ³)
347 4267 428 4320 Luci.
448 4266 469 4321 Ι,
490 4283 516 4320 v.
537 4267 605 4330 tta,
626 4282 710 4335 quem
730 4267 760 4320 in
780 4265 926 4334 superiore
945 4270 1013 4320 nota
1030 4262 1220 4319 laudavimus.

306 4339 328 4401 ⁸)
348 4337 429 4390 Lucr.
448 4336 492 4392 Vl.
514 4339 547 4392 92
567 4350 619 4404 su:
640 4337 698 4402 „Tu
718 4335 787 4390 mihi
807 4351 958 4403 supremae
978 4334 1154 4404 praescripta
1172 4332 1207 4387 ad
1227 4331 1350 4387 candida
1369 4331 1455 4387 calcis

307 4407 435 4530 guplrenti
456 4407 580 4474 spatium
601 4404 930 4475 praemonstrascallida
949 4422 1041 4472 musa,

331 4483 460 4544 alope“
