3410 5168
827 202 846 260 e

271 401 434 486 Equidem
459 421 534 466 eum
569 400 692 466 Donati
713 401 815 467 verba
840 421 958 484 „quam
983 402 1053 467 XV.
1076 422 1175 484 anne,
1199 403 1301 468 natali
1322 422 1393 484 suo,
1432 404 1520 486 cepit
1617 459 1620 468 .

164 490 271 556 isdem
310 490 374 553 illis
404 490 598 554 consulibus
640 489 771 570 iterum,
807 490 925 574 quibus
955 497 1026 555 erat
1052 497 1166 569 natus,
1201 491 1385 570 evenitque,
1418 499 1456 555 ut
1479 509 1519 556 oo

161 579 237 659 ipso
262 577 315 642 die
336 575 510 641 Lucretius
555 575 757 656 decederet,“
796 584 920 642 attente
953 585 985 643 et
1021 577 1191 656 diligenter
1227 578 1403 659 perpendo,
1438 578 1520 642 nihil

162 683 253 742 sane,
286 663 374 745 quod
405 669 596 746 suspectum
628 669 661 728 et
695 663 829 728 Donato
875 665 1045 744 indignum
1082 665 1134 739 sit,
1168 666 1273 729 ineis
1297 665 1516 746 deprehendo.

163 749 235 816 Eae
280 751 367 818 enim
413 751 478 814 illis
513 760 811 815 commemorantur
850 771 920 830 res,
955 770 1039 833 quae
1076 769 1135 832 per
1164 771 1201 816 se
1225 751 1402 816 credibiles
1431 753 1518 836 sint,

165 856 315 920 quaeque
327 845 360 903 et
372 839 530 915 exemplis
554 838 757 919 depromptis
781 838 889 904 evitis
914 838 1079 903 clarorum
1101 838 1261 920 cuiusque
1283 840 1407 904 saeculi
1431 841 1518 905 viro·

164 927 270 1005 rum¹)
294 929 327 990 et
350 944 442 991 more
467 926 702 1004 Romanorum,
740 927 795 1009 qui
827 926 1061 1007 superstitione
1094 927 1227 1007 impulsi
1257 943 1331 990 oum
1364 926 1518 1008 insignio-

164 1013 259 1078 ribus
291 1014 463 1078 eventibus
487 1018 520 1078 et
541 1011 673 1076 casibus
698 1030 779 1077 suae
811 1013 900 1078 vitae
922 1031 976 1078 res
999 1011 1213 1077 notabiliores
1236 1013 1350 1078 eodem
1374 1020 1519 1097 tempore

161 1107 274 1184 *gestas
297 1108 469 1165 conectere
501 1098 659 1179 solebant,
694 1100 895 1172 sufficienter
930 1099 1197 1181 comprobentur.
1223 1099 1324 1164 Cuius
1349 1101 1396 1165 rei
1418 1107 1519 1166 testes

164 1195 242 1252 sunt
264 1187 396 1250 Tacitus
419 1192 453 1250 et
477 1187 666 1264 Suetonius
693 1189 726 1250 in
750 1193 891 1271 quorum
915 1186 1005 1250 libris
1029 1186 1150 1251 similes
1174 1187 1238 1252 loci
1260 1193 1339 1252 sunt
1361 1187 1512 1272 frequen-

167 1285 231 1341 tes.
256 1273 376 1355 (Tacit.
400 1272 508 1337 annal.
534 1273 559 1336 l.
583 1275 612 1337 9.
640 1310 676 1319 -
702 1273 839 1340 Sueten.
865 1273 965 1352 Calig.
993 1279 1043 1340 57.
1071 1279 1105 1338 et
1127 1274 1231 1350 alibi.)

150 1387 154 1392 ·
267 1362 320 1426 Ad
344 1360 432 1440 quod
455 1361 637 1442 accedit,ut
647 1361 773 1426 Donati
794 1361 902 1426 verbis
924 1360 1009 1424 laud.
1035 1380 1101 1424 non
1126 1362 1274 1432 tabellae.
1303 1361 1362 1424 sed
1385 1360 1517 1425 diversa

155 1468 204 1514 ex
225 1447 406 1513 litterarum
430 1453 463 1512 et
485 1465 596 1511 rerum
628 1447 802 1512 annalibus
840 1449 927 1512 facta
962 1448 1158 1530 deprompta
1181 1454 1384 1512 enarrentur.
1421 1445 1515 1530 Quae

164 1538 210 1601 ita
232 1545 309 1600 sunt
341 1541 539 1616 comparata.
575 1541 611 1598 ut
639 1537 673 1599 in
706 1535 794 1600 idem
816 1541 953 1616 tempus
978 1534 1133 1600 incidant.
1159 1543 1225 1615 ant,
1252 1537 1279 1600 si
1308 1536 1512 1600 adversario·

162 1641 236 1687 rum
270 1623 440 1702 sequimur
470 1627 677 1702 sententiam,
700 1622 825 1686 biennii
857 1621 909 1688 vel
934 1641 1061 1686 summe
1093 1622 1302 1702 quadriennii
1332 1623 1441 1704 spatio
1466 1641 1517 1686 se·

160 1718 351 1776 cernantur.
384 1707 446 1772 His
477 1711 585 1774 causis
619 1710 779 1774 adductus
823 1709 924 1774 verba
947 1709 1004 1774 illa
1026 1709 1144 1774 Donati
1168 1710 1309 1774 conficta
1338 1711 1390 1773 vel
1413 1710 1515 1773 inter-

166 1798 278 1880 polata
302 1815 376 1862 esse
399 1813 492 1875 nego.

236 1898 240 1904 ’
267 1884 368 1962 Adde,
393 1882 482 1964 quod
505 1903 545 1948 ex
567 1884 641 1964 ipsa
663 1884 779 1948 talium
817 1883 1058 1948 historicorum.
1100 1901 1185 1963 quae
1217 1891 1386 1962 vocantur,
1410 1884 1514 1947 lacto-

157 1991 248 2048 -rum,
273 1988 357 2053 quae
381 1971 416 2034 in
439 1970 495 2034 illo
527 1971 714 2035 testimonio
737 1973 930 2050 atteruntur,
962 1972 1172 2053 copulatione
1195 1967 1372 2034 admodum
1396 1972 1517 2051 proba·

164 2059 264 2124 bilem
287 2058 392 2122 faeere
415 2075 591 2138 possumus
623 2060 859 2132 coniecturam,
895 2057 1159 2128 interpolationis
1182 2066 1352 2122 auctorem
1378 2058 1459 2121 satis
1482 2057 1517 2144 in

162 2145 283 2210 litteris
327 2151 493 2209 versatiun
538 2143 637 2208 fuisse
682 2146 849 2210 hominem
897 2153 931 2210 et
954 2163 1063 2210 rerum
1106 2145 1245 2209 seientia
1278 2145 1519 2225 excellentem3

157 2251 265 2316 quam
289 2233 419 2314 quidem
437 2235 614 2310 Donatum,
626 2251 693 2296 non
707 2232 809 2297 ullum
827 2232 1022 2314 posterioris
1045 2232 1162 2296 aetatis
1186 2232 1516 2311 grammaticum‚cui

165 2319 265 2384 verba
289 2318 487 2400 interpolata
501 2318 720 2398 vindicantur,
732 2319 889 2384 babuisse
912 2320 1085 2384 contendo.
1111 2317 1175 2400 Qui
1199 2338 1277 2384 vero
1301 2321 1405 2384 verba
1428 2318 1516 2383 laud.

164 2405 350 2491 aquodam
396 2407 588 2487 posterioris
634 2408 752 2472 aetatis
790 2408 1003 2485 grammatico
1037 2406 1236 2486 interpolata
1272 2425 1345 2470 esse
1392 2405 1516 2485 dicunt,

161 2494 346 2558 concedant
369 2513 508 2558 necesse
532 2503 592 2571 est,
618 2495 765 2574 ignotum
790 2494 931 2559 eundem
955 2495 1206 2573 grammaticum
1230 2500 1387 2558 accurata
1403 2511 1516 2558 rerum

163 2599 203 2645 ac
228 2580 406 2646 litterarum
424 2581 682 2660 scientiaqnam
698 2581 818 2646 Donati
842 2583 901 2646 loc.
925 2579 1012 2645 laud.
1035 2581 1162 2662 probat,
1181 2581 1396 2662 praestitisse.
1422 2579 1517 2661 Quae

153 2668 305 2751 quidem,
323 2669 477 2751 quoniam
492 2669 653 2749 imprimis
677 2667 768 2734 libris
793 2668 940 2748 legendis
953 2672 1098 2749 paratur.
1113 2668 1284 2732 credamus
1308 2685 1441 2732 necesse
1456 2675 1516 2744 est,

163 2756 288 2819 incerto
323 2754 368 2818 illi
398 2756 613 2835 grammatico
645 2757 871 2837 interpolatori
893 2755 1005 2830 libros
1037 2755 1157 2838 quibus
1174 2755 1285 2819 variae
1306 2755 1518 2838 quaestiones

154 2841 205 2905 ad
217 2843 300 2906 vitas
310 2840 496 2926 scriptaque
507 2849 679 2908 auctorum
689 2843 913 2907 Romanorum
923 2848 1111 2924 spectantes
1124 2847 1355 2914 tractarentur,
1367 2842 1516 2920 cognitos

157 2929 278 2994 tuisse.
324 2929 430 3012 Atque
454 2930 488 2992 in
511 2929 575 2993 illis
598 2930 751 3012 eosdem,
788 2949 872 3010 quos
902 2928 1065 3008 Donatus,
1089 2927 1319 3010 Hieronymus,
1343 2928 1519 2994 Diomedes

159 3015 222 3080 alii
244 3025 276 3082 et
299 3016 454 3096 aequales
478 3025 511 3082 et
536 3018 738 3098 posteriores
773 3017 979 3096 grammatici
1002 3015 1044 3080 ad
1067 3034 1162 3079 usum
1188 3021 1429 3092 converterunt,
1453 3035 1522 3081 non

154 3103 307 3168 defuisse
341 3121 446 3185 paene
475 3123 533 3185 pro
569 3111 658 3168 certo
681 3103 839 3168 affirmari
861 3111 982 3185 potest.
1008 3101 1173 3184 Quoniam
1195 3103 1269 3168 illos
1292 3103 1522 3182 grammaticos

165 3209 183 3254 e
208 3189 355 3256 Suetonii
378 3190 468 3254 libris
491 3197 659 3274 tamquam
674 3210 714 3256 ex
725 3191 897 3256 uberrimis
919 3198 1075 3256 rerumet
1088 3190 1271 3256 litterarum
1285 3190 1520 3254 fontibushau-

153 3278 248 3342 :sisse
293 3297 394 3359 supra
440 3278 600 3358 diximuS‚
639 3298 707 3342 non
741 3279 921 3344 verisimile
953 3277 1191 3355 videtur-esse,
1223 3277 1311 3341 laud.
1335 3277 1517 3342 testimonii

163 3364 249 3430 Don.
297 3365 566 3446 interpolatorem
612 3365 762 3430 Suetonii
806 3365 909 3445 libris,
944 3366 1000 3449 qni
1034 3365 1165 3444 quidem
1212 3366 1300 3446 apud
1344 3363 1516 3429 Donatum

152 3452 294 3534 saepius
342 3451 466 3516 laudati
504 3454 720 3534 reperiuntur.
755 3453 901 3518 caruisse
947 3459 1005 3516 aut
1050 3470 1108 3517 eos
1157 3452 1367 3532 ignoravisse.
1414 3450 1522 3516 Verba

162 3541 261 3620 igitur
284 3539 319 3603 in
341 3537 464 3604 Donati
487 3540 674 3604 testimonio
698 3543 965 3618 commemorata,
986 3557 1070 3622 quae
1093 3539 1241 3603 nonnulli
1264 3538 1521 3620 interpolatoris,

151 3625 314 3709 equidem
353 3625 469 3690 Donati
501 3626 604 3707 ipsius
635 3645 708 3692 esse
741 3627 926 3706 contende,
963 3647 1003 3694 ex
1034 3629 1149 3691 eodem
1195 3633 1295 3701 atque
1319 3627 1410 3707 prior
1444 3644 1521 3707 pars

157 3713 288 3779 ‚Donati
324 3713 505 3778 testimonii
530 3714 630 3796 sonte,
666 3733 782 3796 nempe
805 3733 844 3778 ex
867 3713 1015 3778 Suetonii
1039 3714 1079 3778 de
1101 3714 1181 3778 viris
1206 3712 1385 3777 illustribus
1405 3731 1518 3794 opere,

163 3800 297 3865 flmrisse
321 3801 540 3865 videntur.
563 3799 659 3865 Unde
681 3801 838 3883 seqnitur,
854 3811 891 3864 ut
912 3800 1022 3866 verbis
1044 3801 1142 3876 laud,
1159 3801 1288 3864 etiamsi
1312 3801 1385 3882 quis
1400 3818 1520 3864 eenon

158 3887 285 3952 ,Donati
318 3887 375 3952 sed
410 3887 527 3953 incerti
572 3888 818 3968 interpolatoris
849 3907 920 3952 esse
944 3889 1113 3967 concedat,
1138 3896 1230 3951 tanta
1265 3894 1390 3970 quanta
1413 3887 1517 3969 ipsius

156 3973 284 4040 ,Donati
308 3976 483 4040 sententiis
502 3973 679 4039 tribuenda
702 3975 745 4039 sit
768 3976 956 4038 auctoritas.

268 4078 334 4144 Sed
356 4085 533 4161 antequam
558 4096 633 4144 mea
656 4080 787 4158 longius
812 4077 968 4159 procedat
993 4077 1183 4159 disputatio,
1214 4076 1278 4140 hoc
1302 4097 1439 4142 monere
1464 4096 1518 4140 ve·

154 4166 230 4244 lim,
244 4185 296 4230 me
320 4167 480 4230 indicium
503 4166 544 4232 de
566 4166 694 4231 verbis:
722 4184 839 4249 „quam
863 4165 932 4228 XV.
958 4184 1019 4230 a...
1055 4165 1261 4242 decederet“‚
1285 4182 1385 4247 supra
1409 4163 1485 4246 prof
1502 4199 1517 4212 ·

153 4260 289 4318 ‚rentem
313 4253 476 4318 locutione
501 4253 620 4330 „verba
643 4253 731 4317 laud.
766 4271 805 4316 ex
837 4251 988 4316 Suetonii
1010 4251 1099 4316 libris
1123 4253 1257 4315 fluxisse
1290 4252 1519 4316 videntur“

157 4357 262 4405 ,usum
287 4359 371 4406 esse.
398 4339 505 4421 Quam
530 4341 661 4424 quidem
683 4341 834 4404 consulto
860 4347 1052 4422 usurpatam
1075 4358 1146 4404 esse
1181 4339 1327 4418 enunti0,
1350 4357 1456 4419 eaque
1481 4337 1521 4404 de

162 4461 303 4470 ——-

267 4513 289 4576 1)
309 4511 451 4579 Exempla
470 4511 585 4580 collegit
602 4513 648 4565 Fr.
670 4511 748 4564 Polle
768 4512 798 4564 in
817 4511 954 4580 Philolog.
976 4511 1077 4578 (1867).
1097 4515 1115 4567 l.
1134 4510 1177 4566 26.
1198 4527 1223 4578 p.
1245 4513 1307 4567 561.
1326 4527 1374 4578 sq.·
