3410 5168
821 128 843 188 6

782 212 886 221 u—-ffl

156 329 262 412 ruptis
284 331 431 392 veterum
453 328 649 392 testimoniis
672 330 886 396 corfirmetur.
896 331 920 410 ¹)
947 329 993 394 Ex
1008 330 1127 414 quibus
1150 331 1258 396 verbis
1280 349 1355 394 curn
1388 330 1508 394 Donati

157 425 192 484 et
215 416 406 496 Hieronymi
428 415 502 480 loco
515 415 603 480 laud.
626 417 813 482 coniunctis
836 418 1020 484 necessario
1043 418 1200 501 sequitur.
1211 427 1247 481 ut
1257 417 1398 482 Lucretii
1421 431 1514 480 mors

158 522 225 569 non
259 503 303 566 ad
333 519 466 578 annum,
490 503 546 585 qui
580 503 666 584 apud
690 503 923 586 Hieronymum
947 505 1097 583 traditur,
1129 511 1180 568 50.
1203 504 1256 569 vel
1287 507 1351 582 bl,
1382 504 1440 568 sed
1463 503 1507 567 ad

158 590 237 656 Idus
262 587 424 654 Octobres
447 590 526 654 anni
549 590 602 654 55.
625 607 655 654 a.
680 589 757 654 Cbr.
779 592 823 655 sit
845 591 1034 670 referenda3
1058 611 1123 674 quo
1145 611 1233 656 anno
1258 592 1374 656 mortis
1398 592 1508 674 posito

157 693 257 761 porro
278 675 429 755 eflicitur,
452 681 489 740 ut
510 683 625 758 poetae
658 682 789 760 tempus
820 679 929 744 natale
952 697 1020 743 non
1052 679 1087 742 in
1109 694 1233 742 annum
1256 679 1309 742 94.
1337 678 1402 762 (vel
1425 681 1506 757 ab),

157 783 256 866 quem
277 763 468 844 Hieronymi
490 763 713 828 testimonium
735 765 875 846 exhibet,
906 766 964 832 sed
987 767 1021 828 in
1044 783 1074 830 a.
1099 766 1150 830 99.
1175 774 1349 832 exeuntem
1371 766 1424 832 vol
1446 783 1506 848 po·

156 860 222 917 trus
245 852 279 915 in
302 867 425 916 annum
463 855 515 917 98.
540 850 707 916 ineuntem
751 853 882 916 incidat.
931 852 1151 932 Hieronymus
1196 854 1342 917 enimin
1364 854 1508 918 vitarunt

106 991 108 996 ,
155 939 274 1023 spatiis
311 937 542 1019 computandis
575 937 660 1002 hanc
692 945 823 1004 secutus
855 944 905 1004 est
938 940 1109 1018 rationem,
1140 946 1177 1003 ut
1214 940 1300 1004 vitae
1345 959 1508 1024 quemque

160 1045 282 1092 annum
311 1025 438 1104 initum,
473 1025 622 1108 quamvis
646 1043 713 1089 non
748 1033 838 1091 esset
874 1032 1018 1106 exactus,
1053 1045 1112 1108 pro
1136 1027 1226 1091 linito
1250 1033 1393 1110 poneret.
1439 1025 1511 1090 Hoc

156 1113 268 1178 multis
291 1113 493 1191 argumentis
509 1129 548 1176 ex
561 1110 681 1176 Chron.
692 1114 845 1178 versione
860 1112 968 1196 petitis
993 1113 1210 1178 demonstrari
1232 1120 1351 1196 potest.
1376 1113 1416 1180 Ut
1440 1115 1505 1178 alia

157 1201 319 1279 omittam,
352 1198 416 1263 duo
452 1197 646 1278 gravissima
678 1201 810 1264 afferam
845 1200 1002 1282 exempla,
1033 1219 1153 1282 nempe
1175 1199 1214 1266 ad
1240 1219 1396 1265 numeros
1418 1202 1507 1265 vitae

162 1285 331 1353 Ciceronis
370 1285 518 1362 (Sueten.
550 1283 600 1350 ed.
624 1285 723 1366 Roth,
746 1307 776 1368 p.
803 1286 890 1371 289.)
914 1296 947 1352 et
969 1285 1095 1352 Horatii
1120 1287 1179 1369 (ib.
1204 1285 1281 1370 296)
1316 1289 1508 1370 spectantia,

160 1392 300 1456 quorum
338 1371 475 1437 alterum
506 1373 627 1438 aetatis
651 1392 738 1438 anno
761 1378 813 1452 64,
836 1375 975 1439 alterum
1005 1375 1056 1440 57.
1083 1373 1266 1441 decessisse
1289 1369 1512 1456 Hieronymus

163 1459 274 1535 tradit,
307 1478 506 1544 quamquam
529 1468 646 1526 neuter
665 1479 819 1526 numeros
840 1461 882 1525 ab
908 1455 963 1526 illo
987 1462 1107 1526 allatos
1131 1463 1328 1544 expleverat.

263 1545 356 1617 Quae
380 1547 408 1611 si
430 1547 632 1629 respicimus,
656 1541 780 1612 Donati
802 1556 835 1615 et
860 1545 1051 1630 Hieronymi
1074 1549 1114 1613 de
1138 1545 1280 1614 Lucretii
1311 1549 1398 1614 vitae
1421 1557 1507 1614 tem·

159 1653 239 1720 pore
263 1635 451 1700 testimonia
473 1636 559 1698 inter
582 1653 617 1699 se
641 1654 825 1717 repugnare
848 1633 1005 1701 videmus.
1040 1629 1109 1699 Viri
1132 1635 1228 1715 docti,
1253 1636 1309 1720 qui
1331 1637 1371 1700 de
1394 1654 1508 1701 eorum

159 1721 221 1788 fide
257 1722 492 1804 disseruerunt,
527 1717 647 1786 difficili
682 1729 714 1787 et
746 1723 904 1787 obscurae
936 1723 1120 1804 quaestioni
1154 1742 1222 1788 non
1252 1723 1391 1788 multum
1425 1724 1509 1788 lucis

159 1809 350 1877 attulerunt.
376 1807 459 1872 Cum
483 1805 570 1874 enim
593 1810 651 1873 alii
682 1829 839 1874 numeros
872 1809 914 1874 ab
948 1807 1150 1892 Hieronymo
1173 1810 1312 1876 traditos
1337 1807 1503 1890 tueantur,

159 1897 353 1963 exstiterunt
386 1892 451 1973 alii,
484 1895 539 1979 qui
560 1914 675 1960 eorum
712 1895 775 1963 fide
798 1897 832 1960 in
856 1897 1077 1979 suspicionem
1109 1904 1225 1962 vocata
1261 1897 1351 1962 solos
1385 1895 1509 1962 Donati

157 2003 317 2048 numeros
339 2001 435 2048 veros
459 2001 532 2047 esse
556 1991 723 2049 censeant.
747 1979 966 2048 Inveniuntur
986 1985 1087 2049 etiam
1112 1983 1204 2062 tales,
1237 1985 1292 2066 qui
1315 1986 1357 2049 ad
1381 1983 1505 2050 discre-

158 2070 304 2154 pantiam
327 2067 518 2153 tollendam,
541 2089 626 2154 quae
649 2071 734 2136 inter
757 2071 979 2136 testimonium
1001 2069 1120 2136 Donati
1145 2079 1177 2136 et
1189 2069 1382 2154 Hieronymi
1406 2071 1506 2138 inter-

158 2155 252 2240 cedit,
275 2153 463 2237 Hieronymi
496 2175 669 2243 numerum
702 2157 756 2221 44.
792 2153 930 2222 Lucretii
954 2159 1040 2224 vitae
1062 2159 1205 2241 spatium
1228 2159 1448 2238 definientem,
1471 2160 1506 2222 in

159 2263 224 2330 quo
246 2244 361 2308 vitium
385 2241 486 2309 latere
509 2246 726 2326 suspicentur,
750 2243 979 2324 corrigendum
1002 2263 1073 2310 esse
1095 2251 1291 2328 proponant.

264 2329 308 2396 Ut
341 2327 419 2414 quid
442 2329 477 2395 in
499 2333 670 2412 utriusque
707 2332 828 2398 veteris
851 2333 1021 2415 scriptoris
1055 2333 1242 2398 testimonio
1275 2353 1399 2414 verum,
1430 2332 1509 2416 quid

159 2419 204 2484 sit
227 2424 416 2500 suspectum
439 2419 491 2483 vel
515 2419 641 2498 falsum,
675 2422 921 2500 cognoscamus,
953 2438 1025 2484 esse
1056 2426 1182 2484 certum
1214 2426 1313 2502 atque
1336 2421 1506 2501 incorrup-

159 2511 230 2571 tum
271 2521 406 2571 necesse
452 2511 501 2570 est
530 2505 698 2585 indicium,
731 2523 795 2591 quo
829 2514 998 2590 tamquam
1035 2505 1247 2572 fundamento
1281 2514 1314 2573 et
1347 2507 1510 2590 principio

157 2599 291 2658 nostrae
334 2589 595 2673 investigationis
627 2593 674 2657 uti
706 2591 812 2658 liceat.
858 2591 965 2674 Atque
1011 2593 1195 2659 accuratius
1228 2613 1298 2660 rem
1332 2600 1507 2672 scrutatus,

158 2677 223 2746 tale
244 2677 398 2744 indicium
432 2681 559 2760 reperio
593 2695 767 2745 numerum
792 2683 842 2758 ii,
867 2699 965 2760 quem
987 2674 1175 2763 Hieronymi
1206 2681 1337 2748 exhibet
1361 2685 1506 2748 testimo-

157 2765 259 2831 nium.
283 2763 367 2831 Nam
390 2763 483 2830 illum
505 2781 678 2831 numerum
701 2765 894 2832 eSuetonio
917 2765 1049 2832 fluxisse
1072 2767 1235 2851 suspicor,
1258 2766 1292 2834 in
1315 2769 1409 2835 cuius
1432 2769 1510 2832 vitis

158 2863 291 2936 praeter
324 2853 520 2930 scriptorum
552 2873 657 2919 annos
694 2854 823 2920 natales
854 2860 887 2919 et
909 2869 1080 2936 supremos
1114 2856 1300 2920 nominibus
1334 2852 1507 2922 consulum

158 2937 320 3021 definitos,
344 2959 506 3005 annorum
529 2960 659 3022 quoque
682 2943 821 3020 numeri,
859 2960 940 3026 quos
971 2961 1056 3006 unus
1088 2942 1211 3008 alterve
1233 2944 1376 3025 scriptor
1397 2944 1509 3026 exple·

157 3028 214 3108 vit,
237 3027 328 3092 allati
350 3028 569 3110 reperiuntur.
603 3027 688 3110 (Vid.
745 3028 893 3095 Suetonii
946 3029 986 3095 de
1031 3030 1115 3094 rhet.
1146 3036 1179 3095 et
1209 3049 1321 3110 gram,
1366 3031 1407 3096 de
1430 3031 1509 3095 vitis

157 3113 347 3194 Caesarum,
373 3115 519 3180 eiusdem
541 3115 644 3179 vitam
666 3116 810 3182 Terentii
833 3135 854 3180 a
878 3119 1008 3182 Donato
1031 3124 1207 3198 servatam,
1230 3137 1315 3199 quae
1329 3118 1365 3182 in
1379 3117 1508 3183 Horatii

160 3201 329 3268 codicibus
352 3203 461 3267 exstat
483 3207 516 3267 et
538 3197 635 3282 vulgo
659 3199 815 3269 Suetonio
838 3201 1049 3284 vindicatur).

264 3285 323 3353 Hic
358 3294 470 3354 tamen
501 3303 675 3368 numerus,
712 3309 912 3371 quamquam
936 3297 1045 3355 certus
1068 3295 1134 3372 est,
1169 3287 1258 3356 solus
1290 3309 1357 3357 non
1387 3283 1511 3356 sufficit

161 3373 205 3440 ad
228 3373 400 3440 obscuram
455 3377 682 3459 quaestionem
718 3373 972 3459 expediendam3
1019 3381 1208 3456 ignoramus
1252 3380 1350 3450 enim,
1397 3385 1509 3442 utrum

155 3460 304 3550 Lucretii
316 3482 423 3527 annus
445 3461 569 3527 natalis
585 3466 626 3528 ab
642 3461 849 3546 Hieronymo
874 3463 1024 3544 traditus,
1042 3483 1083 3528 an
1092 3483 1277 3547 supremus
1302 3483 1399 3549 quem
1422 3465 1510 3548 apud

159 3542 328 3614 Donatum
351 3550 543 3632 reperimus,
589 3551 707 3616 certior
730 3551 773 3615 sit
794 3559 852 3616 aut
897 3549 1107 3634 probabilior,
1139 3558 1173 3618 et
1193 3551 1290 3618 simul
1323 3550 1508 3630 haeremus,

158 3639 269 3702 utrum
322 3655 495 3702 numerum
542 3636 718 3719 eligamus,
762 3656 784 3702 a
829 3657 895 3720 quo
941 3637 1185 3722 proficiscentes
1230 3637 1378 3706 Lucretii
1422 3640 1512 3704 ritae

161 3723 305 3806 spatium
360 3722 583 3807 computando
636 3723 771 3791 definire
808 3727 983 3808 possimus.
1042 3721 1138 3804 Quod
1183 3735 1219 3792 ui
1264 3725 1305 3792 ad
1352 3726 1510 3810 liquidum

158 3807 385 3894 perducamus
418 3807 461 3875 ad
491 3807 616 3877 Donati
638 3811 860 3878 testimonium
883 3832 985 3896 supra
1009 3809 1096 3878 laud.
1119 3813 1299 3879 mansimus
1321 3813 1512 3880 accuratius

162 3893 429 3982 perquirendum.

247 3987 357 4065 Atque
386 3983 527 4068 primum
558 4003 626 4050 non
647 3981 790 4050 alienum
812 3985 943 4052 videtur
971 4004 1044 4052 esse
1066 4003 1209 4064 monere,
1241 3986 1327 4054 vitae
1354 3981 1508 4070 Vergilia-

159 4090 232 4148 nae,
257 4090 323 4154 qua
343 4072 570 4138 testimonium
593 4073 680 4137 laud.
703 4074 900 4153 continetur,
932 4079 1098 4140 auctorem
1121 4093 1195 4140 esse
1216 4070 1390 4156 Donatum,
1414 4092 1509 4158 prae·

159 4166 326 4242 captorem
363 4158 564 4241 Hieronymi.
611 4159 718 4238 Quam
748 4161 850 4225 vitam
881 4170 948 4224 non
979 4160 1150 4241 integram,
1176 4159 1357 4228 scrinariis
1382 4162 1511 4228 mediae

160 4301 298 4310 ..—

159 4385 228 4492 m
263 4355 565 4490 ;)vm'·1}ibb⁰⁰kium’
592 4365 710 4437 Vergilii
726 4366 878 4436 operaed.
897 4367 974 4438 min,
998 4367 1048 4424 ubi
1065 4386 1093 4437 p.
1111 4367 1180 4424 Vlll
1198 4368 1364 4424 testimonie
1381 4373 1511 4424 catenum

199 4453 247 4492 aa
275 4453 293 4490 n
315 4453 402 4493 erue.
