3410 5168
832 277 849 332 2

164 482 328 549 interfecit
360 503 447 553 anno
492 484 607 548 aetatis
638 481 792 550 XLlIllt.
828 480 888 546 Oui
912 481 1111 561 testimonio,
1135 481 1198 550 uisi
1222 481 1394 564 quaedam,
1429 499 1514 568 quse

165 573 223 636 illo
246 571 506 650 continerentur,
529 577 642 636 essent
664 575 826 656 suspecta,
858 587 1080 650 magnaeano
1103 567 1278 650 tribuenda
1290 574 1376 634 esset
1399 577 1510 636 aucto·
1561 595 1564 604 ·

164 660 334 738 iteradum
357 677 396 724 eo
421 657 516 724 nobis
539 659 589 723 uti
613 657 724 725 liceret
747 677 814 722 non
845 659 953 726 solum
987 656 1029 723 ud
1063 656 1207 725 Lucretii
1238 656 1340 722 diem
1369 655 1513 722 natalem

170 754 203 811 et
235 763 425 830 supremum
459 745 689 824 definiendum,
724 745 781 810 sed
817 746 916 810 etiam
949 743 1106 822 eduliae,
1140 761 1224 826 quae
1249 742 1290 806 ad
1313 743 1418 808 vitam
1441 761 1515 812 car·

163 851 306 914 memque
351 839 467 914 poetae
491 840 689 916 spectarent,
713 833 857 898 rationes
880 831 1100 913 explicandas.
1114 829 1163 894 Ne
1187 835 1298 896 autem
1308 827 1511 914 Hieronymo

163 921 303 984 nimium
326 921 507 999 credamne,
545 921 656 985 multis
686 922 796 984 causis
820 920 984 1000 cogimur3
1009 927 1107 1002 atque
1146 919 1289 1000 primurn
1313 918 1512 999 suspicione,

164 1026 264 1090 quam
286 1019 418 1072 movent
441 1007 618 1073 nonnullae
641 1026 694 1071 res
718 1008 906 1072 testimonio
930 1008 984 1070 cit.
1009 1006 1278 1088 comprehensae,
1303 1023 1387 1086 quae
1411 1023 1431 1068 a
1455 1025 1510 1072 ve-

164 1096 261 1160 ritate
283 1115 416 1176 prorsus
452 1095 629 1159 abhorrere
665 1102 698 1159 et
728 1095 871 1176 quodam
904 1094 1001 1158 modo
1035 1093 1168 1158 fabellas
1193 1111 1210 1156 e
1231 1091 1350 1170 libello,
1376 1093 1433 1174 qui
1457 1094 1508 1158 in-

162 1181 316 1246 scribitur
338 1189 454 1248 nectes
482 1183 587 1260 ,mille
610 1189 643 1248 et
655 1188 753 1260 una“,
772 1183 981 1264 depromptas
994 1182 1142 1247 redolere
1155 1179 1314 1257 videntur,
1334 1216 1370 1224 -
1392 1180 1511 1246 deinde

162 1267 288 1334 Donati
319 1270 438 1348 verbis,
472 1269 527 1351 qui
562 1268 711 1333 Lucretii
745 1277 885 1334 mortem
909 1269 951 1332 ad
974 1268 1073 1332 aliurn
1096 1274 1194 1350 atque
1218 1267 1437 1349 Hieronymus
1460 1287 1510 1334 re-

163 1356 226 1422 fert
249 1375 382 1438 annum,
406 1357 547 1438 denique
570 1357 780 1421 vehementer
802 1357 888 1422 inter
910 1375 946 1422 se
969 1354 1238 1420 dissentientibus
1262 1353 1400 1425 iudiciis,
1426 1373 1511 1437 quae

162 1449 296 1508 nostrae
320 1445 440 1509 aetatis
465 1444 527 1507 viri
538 1443 627 1508 docti
650 1443 690 1509 de
713 1443 776 1508 tide
800 1451 833 1508 et
850 1445 1046 1508 auctoritate
1061 1443 1240 1507 testimonii
1256 1439 1510 1523 Hieronymiani

162 1530 378 1613 protulerunt.
404 1530 485 1594 Cum
508 1532 596 1596 enim
619 1531 687 1610 alii,
712 1550 851 1612 quorum
877 1533 1030 1612 princeps
1055 1529 1318 1610 Lachmannus¹)
1351 1529 1414 1608 ille,
1438 1548 1513 1594 car·

162 1617 261 1681 minis
285 1618 470 1683 Lucretiam
492 1619 683 1697 ingeniosus
708 1618 814 1682 editor
835 1625 868 1682 et
891 1623 1141 1697 commentator,
1166 1619 1200 1680 in
1224 1615 1419 1696 Hieronymi
1436 1635 1510 1682 ver·

162 1704 212 1768 bis
235 1706 369 1770 omnino
404 1705 494 1784 nihil,
527 1705 613 1786 quod
646 1706 709 1772 lide
743 1706 914 1784 indiguum
945 1714 1043 1780 esset,
1068 1705 1227 1784 viderent,
1252 1704 1319 1783 alii,
1343 1705 1433 1770 velut
1455 1703 1508 1768 W.

164 1793 199 1854 S.
224 1791 432 1875 Teutalus),
456 1793 511 1857 illo
523 1794 595 1856 viro
619 1812 687 1858 non
710 1794 845 1858 minoris
869 1793 1074 1858 auctoritatis
1100 1793 1224 1857 arbiter
1247 1792 1281 1854 in
1305 1792 1511 1870 gravissimis

164 1879 411 1960 quaestionibus
436 1880 664 1959 diiudicandis,
688 1879 967 1961 Hieronymianae
984 1881 1186 1946 narrationis
1206 1879 1302 1944 fidem
1326 1879 1362 1942 in
1379 1879 1513 1944 dubium

162 1974 374 2034 vocaverunt.
399 1966 524 2048 Neque,
549 1975 696 2032 utrorum
720 1969 886 2033 sententia
901 1969 1033 2050 propior
1067 1968 1109 2032 sit
1140 1985 1228 2045 vero,
1253 1965 1347 2032 facile
1373 1967 1514 2048 perspici

162 2060 280 2135 potest,
318 2073 394 2120 cum
424 2073 507 2136 quae
537 2056 613 2119 aliis
645 2055 836 2137 probantur,
873 2057 989 2120 eadem
1029 2055 1071 2120 ab
1104 2055 1176 2122 aliis
1198 2054 1433 2118 addubitentur
1456 2062 1514 2124 aut

163 2159 299 2222 prorsus
322 2141 521 2208 refellantur.
546 2140 638 2224 Quae
661 2162 735 2207 cum
759 2144 806 2208 ita
830 2143 906 2222 sint,
941 2150 1029 2211 certe
1053 2160 1177 2224 operae
1200 2142 1343 2222 pretium
1368 2148 1427 2220 est,
1452 2140 1513 2208 dii-

163 2228 281 2294 ficilem
304 2228 393 2292 illam
426 2230 466 2294 de
490 2230 553 2295 tide
576 2237 609 2294 et
632 2231 828 2295 auctoritate
861 2231 1044 2297 testimonii
1078 2229 1325 2310 Hieronymiani
1348 2228 1513 2310 quaestio·

163 2333 239 2382 nem
264 2315 437 2394 diligenter
461 2324 651 2392 retractare,
676 2336 815 2398 eamque
838 2317 992 2384 omnibus
1015 2317 1167 2382 subsidiis
1200 2323 1232 2382 et
1259 2315 1411 2394 fontibus,
1428 2333 1514 2400 quea

163 2402 261 2469 nobis
284 2404 548 2488 suppeditantur,
572 2404 614 2470 ad
638 2424 733 2476 usum
756 2405 883 2470 vocatis
907 2405 1091 2473 luculenter
1114 2405 1321 2481 illustratam,
1345 2409 1510 2486 quatenus

162 2490 234 2554 fieri
269 2498 389 2573 potest,
427 2490 469 2556 ad
500 2491 597 2558 linem
627 2493 816 2574 perducere.
853 2491 960 2574 Quam
984 2493 1213 2576 quaestionem
1236 2496 1418 2559 tractantes
1440 2507 1514 2556 eum

162 2578 250 2644 viam
282 2583 314 2643 et
351 2578 512 2644 rationem
546 2598 793 2660 persequemur,
817 2588 853 2644 ut
877 2580 1040 2663 imprimis
1065 2581 1106 2648 de
1129 2582 1239 2660 rebus,
1263 2597 1348 2662 quae
1372 2578 1414 2642 ab
1437 2577 1513 2646 aliis

163 2683 232 2730 non
261 2664 344 2732 satis
376 2665 570 2748 explanatae
604 2666 656 2734 vel
688 2667 804 2734 leviter
835 2673 965 2735 tantum
997 2668 1191 2750 perstrictae
1215 2667 1267 2732 vel
1290 2684 1425 2749 prorsus
1449 2667 1516 2732 sint

164 2754 427 2834 praetermissae,
452 2771 598 2834 agamus

821 2892 864 2958 H.

268 3013 320 3078 Ad
352 3033 423 3080 rem
456 3016 657 3096 propositam
670 3016 876 3097 accedentes,
911 3019 1059 3087 omnium
1084 3018 1227 3100 primum
1250 3017 1312 3084 hoo
1345 3017 1510 3098 explican-

165 3100 243 3164 dum
282 3120 356 3166 esse
390 3103 599 3183 arbitramur,
634 3123 700 3185 qua
730 3106 793 3170 tide
814 3105 849 3168 in
873 3107 930 3185 eis
955 3125 1040 3188 quae
1064 3105 1098 3169 in
1121 3105 1254 3172 Eusebii
1278 3103 1514 3172 Chronicorum

163 3187 317 3255 versione
331 3189 433 3252 latina
446 3190 662 3259 deuuiversis
690 3193 906 3273 scriptoribus
946 3193 1103 3258 Romanis
1127 3193 1270 3268 tradidit,
1295 3191 1514 3272 Hieronymus

163 3274 279 3354 dignus
312 3275 365 3340 sit.
396 3279 507 3359 Atque
540 3287 798 3347 consentaneum
832 3286 892 3360 est,
925 3299 1010 3357 eum,
1044 3281 1100 3362 qui
1123 3281 1251 3344 circiter
1273 3298 1302 3346 a.
1327 3299 1357 3360 p.
1383 3277 1458 3344 (ihr.
1482 3299 1515 3346 u.

143 3364 230 3452 '3231‘
244 3361 415 3448 „seidone
446 3399 489 3410 -
512 3366 599 3446 quod
632 3375 682 3436 est
705 3367 859 3449 oppidum
884 3369 919 3433 in
953 3368 1095 3434 confinio
1128 3367 1246 3448 lllyrici
1269 3373 1302 3434 et
1325 3368 1515 3434 Pannoniae

163 3450 264 3514 situm
288 3487 328 3496 —
351 3457 450 3515 natus
482 3454 664 3534 posteriore
687 3456 794 3537 quarti
819 3455 941 3521 saeculi
964 3477 994 3537 p.
1021 3453 1094 3519 (ihr.
1120 3461 1211 3536 parte
1236 3455 1354 3534 floruit,
1378 3455 1412 3518 in
1446 3455 1515 3520 suis

162 3536 206 3602 ad
228 3535 368 3602 Eusebii
391 3539 553 3603 Chronica
574 3540 696 3605 additis
730 3542 965 3624 supplementis
996 3551 1146 3610 veterum
1192 3553 1365 3608 auctorum
1412 3544 1515 3608 libros

164 3621 207 3688 ad
229 3643 327 3692 usum
350 3627 565 3692 convertisse.

269 3709 378 3792 Quare
401 3714 443 3776 ad
466 3715 614 3792 alteram,
638 3733 720 3795 quae
742 3735 818 3782 cum
840 3717 1010 3799 superiore
1033 3735 1131 3798 quam
1155 3717 1322 3781 artissime
1345 3719 1512 3798 cohaeret,

164 3798 311 3876 cogimur
334 3802 476 3864 transire
500 3802 736 3882 quaestionem,
762 3823 846 3886 quae
868 3807 903 3870 in
925 3824 964 3870 eo
988 3811 1149 3882 versatur,
1183 3823 1266 3888 quos
1290 3803 1513 3885 Hieronymus

164 3886 199 3950 in
221 3883 361 3950 Eusebii
376 3885 615 3954 Chronicorum
637 3890 885 3972 supplementis
909 3893 1027 3973 quibus
1060 3893 1284 3962 Romanorum
1316 3893 1512 3972 insigniores

164 3971 208 4038 ab
241 3974 481 4054 antiquissimis
525 3977 730 4058 temporibus
765 3998 818 4043 res
841 3986 949 4060 gestas
973 3987 1006 4043 et
1028 3979 1227 4062 scriptorum
1261 3981 1346 4044 vitas
1369 3979 1514 4046 breviter

163 4061 364 4142 perstrinxit,
389 4064 596 4144 potissimum
620 4072 752 4130 secutus
776 4067 819 4130 sit
842 4072 1003 4144 auctores
1029 4073 1062 4131 et
1085 4087 1169 4150 quae
1194 4067 1353 4150 cuiusque
1376 4066 1418 4131 sit
1432 4067 1514 4135 tides

162 4156 262 4230 atque
284 4152 472 4215 auctoritas.

184 4406 190 4418 ·
259 4339 329 4420 fic.
347 4341 523 4420 Lachmanni
536 4347 688 4398 comment.
701 4343 737 4398 ad
750 4347 863 4401 Lucrl.
873 4361 899 4400 v.
912 4347 970 4402 922.
985 4365 1010 4416 p.
1030 4348 1087 4402 63:
1101 4363 1169 4418 „ego
1198 4349 1304 4401 veroin
1314 4345 1514 4416 Hieronymia·

162 4423 208 4487 ms
237 4409 308 4462 mbrl
327 4425 453 4479 omnium
472 4411 548 4479 quod
567 4413 644 4467 credi
662 4431 719 4468 non
739 4417 839 4486 possit,
859 4418 982 4485 inveni03
1003 4435 1094 4486 neque
1114 4418 1189 4471 enim
1208 4420 1298 4472 totam
1318 4417 1428 4479 poesim
1460 4433 1511 4488 per

162 4478 314 4532 intervalla
335 4479 466 4534 insaniae
484 4483 675 4552 compositam
694 4483 770 4553 dicit,
792 4486 844 4540 sed
859 4489 983 4557 aliquam
996 4488 1133 4558 partem.“

266 4549 289 4618 ²)
309 4548 341 4602 ln
360 4548 457 4606 Litter.
476 4553 596 4610 Roman.
616 4557 639 4610 3,
660 4554 704 4608 ed.
724 4555 739 4626 ᾗ
768 4558 827 4614 203.
846 4561 896 4612 not
914 4558 935 4613 I.
956 4559 1023 4631 (sub
1042 4558 1139 4627 finem)
1159 4558 1233 4612 etin
1252 4557 1316 4612 aliis
1330 4556 1442 4612 libellis.
