3410 5168
812 269 916 362 -1-5-

193 491 230 538 se
253 491 383 538 summa
407 472 614 538 festinatione
652 475 837 554 scripsisse·
859 475 931 555 ipse
955 474 1146 558 enuntiat¹),
1171 473 1386 542 similitudine
1403 474 1541 538 illorum

192 561 362 625 nominum
386 560 700 653 deceptus,invitus
723 569 860 627 erraret.
893 581 899 602 .

759 705 791 715 ”
838 733 890 796 ru.

297 869 496 948 Quaestione
521 873 561 937 de
585 872 727 937 Lucretii
761 873 847 936 vitae
879 879 1025 955 tempore
1057 873 1210 954 expedita
1244 872 1285 938 ad
1317 875 1462 958 reliquas
1485 880 1538 939 te-

192 957 340 1022 stimonii
364 959 610 1040 Hieronymiani
634 961 815 1024 sententias
837 961 1018 1024 transimus
1041 961 1290 1043 perquirendas.

295 1064 403 1146 Atque
426 1065 609 1129 testimonii
632 1063 718 1128 laud.
743 1065 883 1128 maxime
907 1065 1102 1129 offendimur
1135 1064 1256 1148 verbis
1285 1084 1377 1147 „cum
1415 1065 1538 1147 aliquot
1571 1084 1577 1096 “

194 1149 297 1214 libros
311 1170 371 1232 per
382 1151 555 1234 intervalla
566 1153 714 1215 insaniae
737 1152 984 1232 conscripsisset
997 1149 1080 1236 (scil.
1104 1151 1398 1234 Lucretius),quos
1423 1161 1542 1234 postea

194 1235 311 1302 Cicero
334 1239 553 1317 emendavit“,
584 1237 701 1320 quibus
725 1256 776 1302 res
799 1238 943 1302 incertae
967 1245 999 1303 et
1022 1238 1229 1304 incredibiles
1261 1246 1468 1305 enarrantur.
1493 1241 1544 1308 Aa

191 1325 333 1407 primum
344 1344 411 1390 non
424 1327 494 1390 sine
506 1331 625 1405 magna
634 1326 814 1390 offensione
824 1325 944 1404 legitur
952 1327 1151 1392 vocabulum
1179 1326 1351 1409 ,aliquot“,
1376 1328 1463 1408 quod
1477 1328 1544 1392 hoc

191 1411 263 1477 loco
276 1412 386 1494 inepte
407 1419 669 1494 estusurpatum.
696 1413 830 1495 Spectat
856 1414 944 1478 enim
954 1415 995 1477 ad
1006 1415 1167 1478 incertum
1178 1414 1335 1478 librorum
1355 1434 1543 1492 numerum,

193 1518 277 1581 quos
299 1508 399 1582 poeta
422 1501 508 1565 inter
532 1499 681 1564 insaniae
702 1500 876 1564 intervalla
898 1501 1135 1582 conscripsisse
1158 1501 1356 1582 perhibetur,
1381 1501 1539 1566 definien-

124 1626 126 1634 .
192 1586 280 1664 dum,
305 1586 461 1651 librorum
495 1587 652 1650 carminis
690 1585 773 1662 dico,
802 1587 890 1668 quod
913 1593 1019 1652 totum
1043 1587 1179 1652 librisb
1211 1589 1407 1654 continetur.
1431 1591 1539 1654 Acce-

190 1674 247 1753 dit,
271 1675 358 1756 quod
394 1693 462 1738 non
496 1675 603 1737 solum
626 1673 660 1736 in
684 1673 781 1739 dubio
816 1674 1039 1756 relinquimur,
1080 1673 1190 1739 utrum
1224 1675 1298 1739 libri
1329 1676 1475 1757 pedestri
1495 1695 1544 1741 an
1651 1731 1653 1736 .
1698 1691 1699 1746 ζ

192 1761 294 1840 ligata
338 1763 486 1826 oratione
530 1761 643 1843 scripti
665 1760 729 1825 illis
753 1761 921 1827 vocabulis
966 1761 1197 1842 significentur,
1236 1763 1419 1827 sedetiam
1450 1764 1542 1846 quod

190 1853 335 1913 statuere
358 1867 425 1913 non
448 1867 633 1932 possumus
658 1867 741 1928 quos
764 1846 877 1912 Cicero
920 1849 1148 1914 emendaverit
1172 1849 1285 1930 librae,
1324 1867 1434 1930 eosne,
1458 1869 1545 1932 quos·

191 1936 280 2000 inter
302 1936 476 2000 intervalla
508 1935 657 1998 insaniae
680 1935 919 2017 composuisset
940 1945 1048 2017 poeta,
1073 1955 1116 2000 an
1140 1944 1288 2001 cunctos.
1312 1935 1361 2000 Ex
1386 1935 1476 2002 Suet.
1500 1937 1546 2002 de>

193 2028 364 2102 grammat.
388 2024 418 2086 d.
443 2025 495 2087 38.
521 2020 585 2106 (ed.
610 2021 710 2101 Roth)
753 2023 837 2096 loco,
863 2023 919 2088 ubi
942 2021 1121 2088 Suetonius
1155 2023 1341 2103 adomnia,
1365 2025 1540 2106 quaeAu-

192 2110 293 2176 relius
316 2108 444 2190 Opilius
467 2109 670 2190 conscripsit,
695 2108 860 2175 volumina
883 2109 1064 2193 respiciens
1086 2110 1247 2175 vocabulo
1275 2111 1439 2194 „aliqu0t“
1458 2131 1540 2177 usus

192 2203 253 2277 est,
276 2196 382 2277 colligi
398 2196 484 2276 licet,
498 2197 597 2261 etiam
630 2197 693 2260 hoc
728 2198 801 2262 loco
825 2196 983 2263 vocabulo
1010 2198 1184 2279 „aliquot“.
1215 2205 1355 2262 cunctos
1379 2200 1543 2263 carminis

192 2283 293 2350 libros
329 2283 512 2364 significari.
550 2281 642 2364 Quae
681 2284 872 2348 coniectura
895 2285 1055 2368 probatur
1077 2285 1175 2349 etiam
1199 2285 1273 2364 hoc,
1296 2284 1381 2365 quod
1407 2283 1538 2350 Cicero·

193 2390 269 2437 nem
293 2371 366 2436 loco
389 2370 475 2435 laud.
500 2377 802 2450 commemoratum,
827 2375 855 2436 si
880 2373 1010 2453 quidem
1021 2392 1098 2437 eum
1117 2371 1275 2436 librorum
1291 2373 1536 2438 emendatorem

193 2459 294 2524 fuisse
318 2459 582 2533 concederemus
607 2477 674 2522 non
697 2458 842 2541 aliquam
865 2466 991 2541 partem
1014 2459 1071 2522 sed
1095 2464 1200 2524 totum
1224 2477 1358 2524 carmen
1382 2459 1539 2524 emenda-

190 2547 279 2611 visse
315 2551 575 2610 consentaneum
598 2552 658 2609 est.
706 2545 811 2625 Adde,
835 2547 923 2629 quod
967 2547 1152 2626 haeremus
1190 2553 1301 2609 utrum
1334 2543 1539 2626 Ciceronem,

191 2635 285 2698 cuius
330 2633 473 2697 nominis
519 2631 582 2696 hoc
617 2631 690 2698 loco
722 2635 759 2697 fit
791 2635 927 2712 mentia,
977 2671 1013 2678 „
1059 2631 1248 2697 Marcumne
1270 2705 1272 2712 ,
1293 2651 1337 2696 an
1382 2631 1543 2710 Quintum

191 2721 343 2802 fratrem,
368 2757 406 2766 -—
433 2718 661 2798 intellegamus
708 2722 863 2785 carminis
909 2720 1093 2785 Lucretiam
1113 2791 1114 2796 .
1138 2720 1385 2785 emendatorem
1429 2725 1542 2804 atque,

123 2887 126 2894 Ι
192 2809 268 2889 quia
292 2807 482 2872 emendatio
505 2806 683 2872 editionem
709 2808 905 2889 praecedere
928 2807 1098 2888 solebat,'³)
1123 2807 1292 2872 editorem.

296 2911 360 2978 Sed
384 2917 516 2994 praeter
539 2912 662 2977 incerte
685 2917 718 2976 et
740 2912 892 2992 ambigue
916 2913 1004 2976 dicta
1034 2912 1134 2983 ctiam
1169 2911 1378 2976 incredibiles
1400 2911 1420 2975 l.
1444 2911 1464 2975 l.
1488 2913 1542 2976 in-

190 2999 342 3064 venimus
364 3001 557 3064 sententias
582 2997 749 3064 Hicenim
772 2999 853 3064 tales
877 3019 929 3064 res
952 3003 1158 3077 enarrantur,
1182 3017 1267 3081 quac
1290 3017 1406 3081 perse
1429 2999 1539 3064 minus

192 3085 383 3169 probabiles
407 3087 483 3166 sint,
508 3105 656 3168 quaeque
681 3087 884 3167 argumentis
907 3086 1039 3151 aliunde
1062 3086 1254 3152 coniectura
1275 3085 1415 3168 repertis
1439 3085 1538 3168 plane

190 3178 379 3260 repugnent.
406 3172 474 3236 Illis
496 3179 614 3256 poetae
637 3174 800 3239 insaniam
823 3180 856 3239 et
877 3173 1059 3240 violentam
1093 3172 1224 3251 assigno
1247 3171 1398 3254 mortem,
1421 3173 1544 3256 quibus

189 3261 392 3344 exponendis
436 3259 521 3326 inira
558 3260 724 3342 aptiorem
768 3260 880 3334 locum,
908 3262 1158 3334 nanciscemur,
1204 3260 1255 3323 his
1278 3279 1317 3324 ea
1340 3259 1536 3342 Hieronymi

191 3347 293 3413 verba
315 3347 505 3428 adnumero,
529 3347 649 3431 quibus
673 3346 863 3413 Ciceronem
886 3357 1005 3430 poetae
1028 3365 1161 3412 carmen
1183 3346 1416 3413 emendavisse
1437 3347 1540 3412 tradi-

190 3440 253 3500 tur.
283 3433 374 3513 Quae
397 3434 498 3501 verba
521 3435 676 3514 ambigua
697 3453 772 3500 esse
795 3453 896 3518 supra
917 3433 1179 3516 significavimus,
1205 3453 1280 3498 cum
1304 3434 1542 3517 Hieronymum

192 3521 326 3587 definire
348 3521 500 3598 omisisse
523 3523 721 3601 monuimus,
745 3528 818 3587 uter
841 3521 968 3604 Cicero,
998 3521 1178 3586 Marcusne'
1203 3539 1246 3586 an
1271 3519 1410 3598 Quintus
1434 3522 1538 3587 frater

190 3607 337 3674 Lucretii
363 3627 497 3674 carmen
519 3610 769 3675 emendavisset.
803 3611 890 3689 Inde,
915 3609 1011 3692 quod.
1035 3609 1056 3674 1.
1079 3608 1100 3673 l.
1134 3606 1303 3672 Ciceronis
1326 3627 1446 3673 nomen
1468 3606 1543 3673 sine

191 3696 405 3779 praenomine
442 3697 587 3778 positum
609 3701 670 3775 est,
703 3696 716 3778 l
718 3697 842 3779 pariter
874 3703 972 3780 atque
995 3697 1069 3761 aliis
1106 3694 1344 3760 Chronicorum
1368 3697 1459 3776 locis,
1484 3693 1542 3759 ubi

197 3784 366 3850 Ciceronis
412 3784 551 3849 oratoris
589 3786 625 3848 fit
646 3785 793 3863 mentio),
833 3784 983 3867 quodque
1016 3782 1156 3861 Quintus
1187 3780 1290 3847 frater
1320 3800 1482 3863 nusquam
1504 3782 1539 3845 in

191 3869 363 3938 Chronicis
386 3879 675 3952 commemoratur,
710 3877 797 3936 recte
820 3871 927 3952 colligi
950 3877 1070 3954 potest,
1104 3869 1351 3950 Hieronymum,
1377 3888 1453 3936 cum
1476 3867 1538 3934 1.1.

297 4062 318 4130 ¹)
337 4061 475 4116 Zoeckler
494 4077 519 4116 ο.
538 4062 557 4116 1.
575 4077 602 4130 p.
621 4064 681 4116 384.

296 4149 319 4216 ²)
338 4148 461 4217 Augusti
480 4147 633 4204 Boeckhii:
663 4149 817 4216 Encyclop.
842 4151 870 4202 et
888 4147 1043 4202 Methodol.
1071 4144 1171 4214 discip.
1188 4144 1323 4214 philolog.
1341 4142 1415 4198 edid.
1434 4143 1539 4208 Bratn·
1567 4133 1569 4140 ’

190 4218 295 4273 scheck
313 4221 338 4299 2.
357 4218 423 4299 edit.
442 4218 533 4299 (leae)
552 4235 578 4285 p.
598 4220 656 4272 191.
675 4247 709 4256 -
727 4217 920 4286 Hieronymus
938 4217 968 4270 in
979 4215 1127 4271 Chronicis
1148 4215 1248 4296 vocab.
1267 4212 1541 4296 emendare=edcre

189 4286 1134 4435 111111..111111111101111116131111111ηῇ21ξέρῖἶὲ
1155 4283 1541 4432 tetenstete

190 4427 335 4484 Aeneidos
354 4431 455 4498 postea
469 4427 558 4482 libros
580 4426 766 4481 emendarunt
784 4427 837 4480 suh
856 4442 891 4482 ea
909 4428 978 4495 lege,
998 4429 1028 4480 ut
1046 4425 1117 4479 nihil
1137 4420 1543 4480 adderent.“-Emendat10-

190 4511 256 4552 nem
276 4496 395 4554 editioni
413 4497 609 4567 praecessisse
638 4499 785 4552 testantur
804 4497 893 4551 verba
912 4494 969 4551 Cic.
987 4496 1069 4566 epist.
1098 4493 1134 4549 ad
1153 4495 1211 4550 Aa.
1230 4496 1266 4550 H.
1289 4494 1328 4549 16.
1346 4494 1378 4548 4:
1399 4490 1540 4564 „Quintus

191 4565 279 4624 frater
297 4582 343 4624 me
362 4571 450 4636 rogat,
470 4571 501 4622 ut
520 4567 637 4622 annales
656 4582 726 4621 suos
745 4565 894 4621 emendem
913 4570 941 4621 et
959 4563 1067 4622 edam.“
