<?xml version="1.0" encoding="UTF-8"?>
<!DOCTYPE html PUBLIC "-//W3C//DTD XHTML 1.0 Transitional//EN"
    "http://www.w3.org/TR/xhtml1/DTD/xhtml1-transitional.dtd">
<html xmlns="http://www.w3.org/1999/xhtml" xml:lang="en" lang="en">
 <head>
  <title>
</title>
<meta http-equiv="Content-Type" content="text/html;charset=utf-8" />
  <meta name='ocr-system' content='tesseract 3.04.00' />
  <meta name='ocr-capabilities' content='ocr_page ocr_carea ocr_par ocr_line ocrx_word'/>
</head>
<body>
  <div class='ocr_page' id='page_1' title='image "./quaestioneslucr00jezigoog_0029.png"; bbox 0 0 3410 5168; ppageno 0'>
   <div class='ocr_carea' id='block_1_1' title="bbox 788 257 893 353">
    <p class='ocr_par' dir='ltr' id='par_1_1' title="bbox 788 257 893 353">
     <span class='ocr_line' id='line_1_1' title="bbox 788 257 893 353; baseline 0.01 -1"><span class='ocrx_word' id='word_1_1' title='bbox 788 257 893 353; x_wconf 61' lang='lat' dir='ltr'>„o-</span> 
     </span>
    </p>
   </div>
   <div class='ocr_carea' id='block_1_2' title="bbox 162 460 1516 3158">
    <p class='ocr_par' dir='ltr' id='par_1_2' title="bbox 163 460 1516 1670">
     <span class='ocr_line' id='line_1_2' title="bbox 269 460 1514 544; baseline -0.004 -14"><span class='ocrx_word' id='word_1_2' title='bbox 269 463 311 530; x_wconf 87' lang='lat' dir='ltr'>Ut</span> <span class='ocrx_word' id='word_1_3' title='bbox 332 463 395 532; x_wconf 89' lang='lat' dir='ltr'>illis</span> <span class='ocrx_word' id='word_1_4' title='bbox 404 463 533 530; x_wconf 86' lang='lat' dir='ltr'>iudiciis</span> <span class='ocrx_word' id='word_1_5' title='bbox 540 468 638 543; x_wconf 85' lang='lat' dir='ltr'>atque</span> <span class='ocrx_word' id='word_1_6' title='bbox 649 460 800 530; x_wconf 82' lang='lat' dir='ltr'>laudibus</span> <span class='ocrx_word' id='word_1_7' title='bbox 816 463 896 530; x_wconf 82' lang='lat' dir='ltr'>tides</span> <span class='ocrx_word' id='word_1_8' title='bbox 910 463 1058 530; x_wconf 80' lang='lat' dir='ltr'>elevatur</span> <span class='ocrx_word' id='word_1_9' title='bbox 1078 461 1280 541; x_wconf 70' lang='lat' dir='ltr'>Hieronymi,</span> <span class='ocrx_word' id='word_1_10' title='bbox 1293 461 1348 544; x_wconf 90' lang='lat' dir='ltr'>qui</span> <span class='ocrx_word' id='word_1_11' title='bbox 1363 460 1514 526; x_wconf 85' lang='lat' dir='ltr'>Lucreti-</span> 
     </span>
     <span class='ocr_line' id='line_1_3' title="bbox 165 548 1501 634; baseline -0.004 -15"><span class='ocrx_word' id='word_1_12' title='bbox 165 571 221 619; x_wconf 83' lang='lat' dir='ltr'>um</span> <span class='ocrx_word' id='word_1_13' title='bbox 245 551 371 634; x_wconf 83' lang='lat' dir='ltr'>aliquot</span> <span class='ocrx_word' id='word_1_14' title='bbox 391 549 493 616; x_wconf 89' lang='lat' dir='ltr'>libros</span> <span class='ocrx_word' id='word_1_15' title='bbox 512 551 597 618; x_wconf 86' lang='lat' dir='ltr'>inter</span> <span class='ocrx_word' id='word_1_16' title='bbox 609 549 759 618; x_wconf 84' lang='lat' dir='ltr'>insaniae</span> <span class='ocrx_word' id='word_1_17' title='bbox 780 551 956 616; x_wconf 85' lang='lat' dir='ltr'>intervalla</span> <span class='ocrx_word' id='word_1_18' title='bbox 970 548 1210 630; x_wconf 69' lang='lat' dir='ltr'><strong>conscripsisse</strong></span> <span class='ocrx_word' id='word_1_19' title='bbox 1230 550 1501 616; x_wconf 85' lang='lat' dir='ltr'>commemoravit</span> 
     </span>
     <span class='ocr_line' id='line_1_4' title="bbox 165 633 1515 718; baseline -0.004 -14"><span class='ocrx_word' id='word_1_20' title='bbox 165 639 213 706; x_wconf 90' lang='lat' dir='ltr'>sic</span> <span class='ocrx_word' id='word_1_21' title='bbox 243 638 322 706; x_wconf 86' lang='lat' dir='ltr'>lonis</span> <span class='ocrx_word' id='word_1_22' title='bbox 356 636 453 704; x_wconf 81' lang='lat' dir='ltr'>Corn.</span> <span class='ocrx_word' id='word_1_23' title='bbox 472 636 558 718; x_wconf 90' lang='lat' dir='ltr'>Nep.</span> <span class='ocrx_word' id='word_1_24' title='bbox 581 635 647 702; x_wconf 86' lang='lat' dir='ltr'>Vit.</span> <span class='ocrx_word' id='word_1_25' title='bbox 664 637 732 701; x_wconf 82' lang='lat' dir='ltr'>Att</span> <span class='ocrx_word' id='word_1_26' title='bbox 758 642 809 702; x_wconf 81' lang='lat' dir='ltr'>la.</span> <span class='ocrx_word' id='word_1_27' title='bbox 842 644 871 714; x_wconf 82' lang='lat'>4,</span> <span class='ocrx_word' id='word_1_28' title='bbox 906 637 999 716; x_wconf 82' lang='lat' dir='ltr'>Verg.</span> <span class='ocrx_word' id='word_1_29' title='bbox 1033 637 1139 716; x_wconf 84' lang='lat' dir='ltr'>Georg</span> <span class='ocrx_word' id='word_1_30' title='bbox 1178 633 1223 700; x_wconf 90' lang='lat' dir='ltr'>II.</span> <span class='ocrx_word' id='word_1_31' title='bbox 1257 636 1323 700; x_wconf 75' lang='lat'>490</span> <span class='ocrx_word' id='word_1_32' title='bbox 1345 655 1407 717; x_wconf 86' lang='lat' dir='ltr'>sq,</span> <span class='ocrx_word' id='word_1_33' title='bbox 1429 636 1515 701; x_wconf 86' lang='lat' dir='ltr'>Aelii</span> 
     </span>
     <span class='ocr_line' id='line_1_5' title="bbox 163 723 1515 808; baseline -0.001 -18"><span class='ocrx_word' id='word_1_34' title='bbox 163 725 284 790; x_wconf 74' lang='lat' dir='ltr'>Dnnrm</span> <span class='ocrx_word' id='word_1_35' title='bbox 329 724 425 808; x_wconf 85' lang='grc'><strong>(1.1.)</strong></span> <span class='ocrx_word' id='word_1_36' title='bbox 456 723 650 804; x_wconf 74' lang='lat' dir='ltr'>‘Hieronymi</span> <span class='ocrx_word' id='word_1_37' title='bbox 702 725 850 794; x_wconf 82' lang='lat' dir='ltr'>narratio</span> <span class='ocrx_word' id='word_1_38' title='bbox 896 724 936 789; x_wconf 91' lang='lat' dir='ltr'>de</span> <span class='ocrx_word' id='word_1_39' title='bbox 981 724 1136 790; x_wconf 74' lang='lat' dir='ltr'>insolenti</span> <span class='ocrx_word' id='word_1_40' title='bbox 1177 728 1300 805; x_wconf 82' lang='lat' dir='ltr'>&#39;poetae</span> <span class='ocrx_word' id='word_1_41' title='bbox 1341 730 1449 788; x_wconf 90' lang='lat' dir='ltr'>morte</span> <span class='ocrx_word' id='word_1_42' title='bbox 1479 723 1515 788; x_wconf 89' lang='lat' dir='ltr'>in</span> 
     </span>
     <span class='ocr_line' id='line_1_6' title="bbox 165 809 1515 892; baseline -0.002 -15"><span class='ocrx_word' id='word_1_43' title='bbox 165 812 300 880; x_wconf 78' lang='lat' dir='ltr'>dirhimm</span> <span class='ocrx_word' id='word_1_44' title='bbox 330 818 477 878; x_wconf 84' lang='lat' dir='ltr'>vocatur.</span> <span class='ocrx_word' id='word_1_45' title='bbox 501 809 575 876; x_wconf 80' lang='lat' dir='ltr'>Nou</span> <span class='ocrx_word' id='word_1_46' title='bbox 591 811 685 878; x_wconf 83' lang='lat' dir='ltr'>euim</span> <span class='ocrx_word' id='word_1_47' title='bbox 708 830 789 879; x_wconf 86' lang='lat' dir='ltr'>casu</span> <span class='ocrx_word' id='word_1_48' title='bbox 811 812 933 878; x_wconf 85' lang='lat' dir='ltr'>factum</span> <span class='ocrx_word' id='word_1_49' title='bbox 947 829 1019 882; x_wconf 86' lang='lat' dir='ltr'>esse</span> <span class='ocrx_word' id='word_1_50' title='bbox 1031 810 1204 890; x_wconf 87' lang='lat' dir='ltr'>contendo,</span> <span class='ocrx_word' id='word_1_51' title='bbox 1230 809 1318 891; x_wconf 89' lang='lat' dir='ltr'>quod</span> <span class='ocrx_word' id='word_1_52' title='bbox 1335 810 1515 892; x_wconf 79' lang='lat' dir='ltr'>scriptores</span> 
     </span>
     <span class='ocr_line' id='line_1_7' title="bbox 163 897 1516 982; baseline -0.004 -16"><span class='ocrx_word' id='word_1_53' title='bbox 163 901 290 982; x_wconf 85' lang='lat' dir='ltr'>primus</span> <span class='ocrx_word' id='word_1_54' title='bbox 313 903 346 964; x_wconf 89' lang='lat' dir='ltr'>et</span> <span class='ocrx_word' id='word_1_55' title='bbox 367 899 499 965; x_wconf 90' lang='lat' dir='ltr'>ultimus</span> <span class='ocrx_word' id='word_1_56' title='bbox 534 897 573 962; x_wconf 89' lang='lat' dir='ltr'>de</span> <span class='ocrx_word' id='word_1_57' title='bbox 602 904 718 980; x_wconf 86' lang='lat' dir='ltr'>poetae</span> <span class='ocrx_word' id='word_1_58' title='bbox 752 905 856 964; x_wconf 86' lang='lat' dir='ltr'>morte</span> <span class='ocrx_word' id='word_1_59' title='bbox 905 905 1204 964; x_wconf 81' lang='lat' dir='ltr'>commemorantes</span> <span class='ocrx_word' id='word_1_60' title='bbox 1234 897 1314 962; x_wconf 88' lang='lat' dir='ltr'>solis</span> <span class='ocrx_word' id='word_1_61' title='bbox 1345 899 1516 962; x_wconf 88' lang='lat' dir='ltr'>vocabulis</span> 
     </span>
     <span class='ocr_line' id='line_1_8' title="bbox 168 983 1515 1072; baseline -0.004 -20"><span class='ocrx_word' id='word_1_62' title='bbox 168 992 262 1072; x_wconf 83' lang='lat' dir='ltr'>,post</span> <span class='ocrx_word' id='word_1_63' title='bbox 278 987 435 1058; x_wconf 84' lang='lat' dir='ltr'>mortsm“</span> <span class='ocrx_word' id='word_1_64' title='bbox 455 984 578 1066; x_wconf 85' lang='lat' dir='ltr'>(Nep),</span> <span class='ocrx_word' id='word_1_65' title='bbox 600 985 779 1063; x_wconf 86' lang='lat' dir='ltr'>„decessit“</span> <span class='ocrx_word' id='word_1_66' title='bbox 794 986 904 1070; x_wconf 89' lang='lat' dir='ltr'>(Don.)</span> <span class='ocrx_word' id='word_1_67' title='bbox 927 991 1074 1066; x_wconf 90' lang='lat' dir='ltr'>utuntur,</span> <span class='ocrx_word' id='word_1_68' title='bbox 1099 985 1251 1066; x_wconf 89' lang='lat' dir='ltr'>quodque</span> <span class='ocrx_word' id='word_1_69' title='bbox 1274 983 1440 1063; x_wconf 82' lang='lat' dir='ltr'>Vergilius</span> <span class='ocrx_word' id='word_1_70' title='bbox 1457 985 1478 1050; x_wconf 93' lang='lat' dir='ltr'>l.</span> <span class='ocrx_word' id='word_1_71' title='bbox 1493 985 1515 1050; x_wconf 96' lang='lat' dir='ltr'>l.</span> 
     </span>
     <span class='ocr_line' id='line_1_9' title="bbox 164 1068 1508 1158; baseline 0.001 -22"><span class='ocrx_word' id='word_1_72' title='bbox 164 1081 308 1158; x_wconf 84' lang='lat' dir='ltr'>poetam,</span> <span class='ocrx_word' id='word_1_73' title='bbox 332 1073 426 1139; x_wconf 89' lang='lat' dir='ltr'>cuius</span> <span class='ocrx_word' id='word_1_74' title='bbox 450 1091 579 1136; x_wconf 90' lang='lat' dir='ltr'>summo</span> <span class='ocrx_word' id='word_1_75' title='bbox 603 1073 711 1137; x_wconf 85' lang='lat' dir='ltr'>studio</span> <span class='ocrx_word' id='word_1_76' title='bbox 732 1079 830 1155; x_wconf 87' lang='lat' dir='ltr'>atque</span> <span class='ocrx_word' id='word_1_77' title='bbox 853 1091 964 1138; x_wconf 88' lang='lat' dir='ltr'>amore</span> <span class='ocrx_word' id='word_1_78' title='bbox 987 1082 1104 1154; x_wconf 89' lang='lat' dir='ltr'>captus</span> <span class='ocrx_word' id='word_1_79' title='bbox 1121 1077 1201 1152; x_wconf 86' lang='lat' dir='ltr'>erat,</span> <span class='ocrx_word' id='word_1_80' title='bbox 1218 1073 1320 1137; x_wconf 88' lang='lat' dir='ltr'>etiam</span> <span class='ocrx_word' id='word_1_81' title='bbox 1342 1068 1508 1138; x_wconf 85' lang='lat' dir='ltr'>»telieem“</span> 
     </span>
     <span class='ocr_line' id='line_1_10' title="bbox 165 1159 1510 1243; baseline 0.001 -19"><span class='ocrx_word' id='word_1_82' title='bbox 165 1160 321 1242; x_wconf 85' lang='lat' dir='ltr'>appellat.</span> <span class='ocrx_word' id='word_1_83' title='bbox 342 1159 409 1241; x_wconf 73' lang='lat' dir='ltr'>¹Qui</span> <span class='ocrx_word' id='word_1_84' title='bbox 432 1161 619 1240; x_wconf 78' lang='lat' dir='ltr'>scriptume,</span> <span class='ocrx_word' id='word_1_85' title='bbox 639 1177 714 1224; x_wconf 89' lang='lat' dir='ltr'>cum</span> <span class='ocrx_word' id='word_1_86' title='bbox 737 1161 794 1239; x_wconf 85' lang='lat' dir='ltr'>ita,</span> <span class='ocrx_word' id='word_1_87' title='bbox 819 1163 978 1243; x_wconf 87' lang='lat' dir='ltr'>utsupra</span> <span class='ocrx_word' id='word_1_88' title='bbox 1002 1160 1269 1240; x_wconf 82' lang='lat' dir='ltr'>significavimus,</span> <span class='ocrx_word' id='word_1_89' title='bbox 1293 1160 1409 1222; x_wconf 88' lang='lat' dir='ltr'>mortis</span> <span class='ocrx_word' id='word_1_90' title='bbox 1433 1178 1510 1241; x_wconf 89' lang='lat' dir='ltr'>poe·</span> 
     </span>
     <span class='ocr_line' id='line_1_11' title="bbox 167 1245 1509 1329; baseline -0.001 -17"><span class='ocrx_word' id='word_1_91' title='bbox 167 1255 218 1314; x_wconf 87' lang='lat' dir='ltr'>tae</span> <span class='ocrx_word' id='word_1_92' title='bbox 242 1247 463 1323; x_wconf 83' lang='lat' dir='ltr'>meminerint,</span> <span class='ocrx_word' id='word_1_93' title='bbox 487 1248 628 1327; x_wconf 86' lang='lat' dir='ltr'>probare</span> <span class='ocrx_word' id='word_1_94' title='bbox 658 1247 814 1313; x_wconf 85' lang='lat' dir='ltr'>videntur</span> <span class='ocrx_word' id='word_1_95' title='bbox 846 1247 908 1312; x_wconf 88' lang='lat' dir='ltr'>sibi</span> <span class='ocrx_word' id='word_1_96' title='bbox 931 1267 980 1326; x_wconf 89' lang='lat' dir='ltr'>ea,</span> <span class='ocrx_word' id='word_1_97' title='bbox 1014 1267 1099 1329; x_wconf 82' lang='lat' dir='ltr'>quae</span> <span class='ocrx_word' id='word_1_98' title='bbox 1122 1245 1345 1328; x_wconf 79' lang='lat' dir='ltr'>Hieronymus</span> <span class='ocrx_word' id='word_1_99' title='bbox 1377 1246 1418 1310; x_wconf 89' lang='lat' dir='ltr'>ds</span> <span class='ocrx_word' id='word_1_100' title='bbox 1440 1245 1509 1311; x_wconf 85' lang='lat' dir='ltr'>Lu-</span> 
     </span>
     <span class='ocr_line' id='line_1_12' title="bbox 164 1332 1507 1416; baseline -0.001 -16"><span class='ocrx_word' id='word_1_101' title='bbox 164 1335 267 1400; x_wconf 83' lang='lat' dir='ltr'>cretio</span> <span class='ocrx_word' id='word_1_102' title='bbox 289 1333 442 1416; x_wconf 87' lang='lat' dir='ltr'>prodidit,</span> <span class='ocrx_word' id='word_1_103' title='bbox 466 1333 566 1398; x_wconf 84' lang='lat' dir='ltr'>fuisse</span> <span class='ocrx_word' id='word_1_104' title='bbox 590 1334 711 1412; x_wconf 83' lang='lat' dir='ltr'>ignota.</span> <span class='ocrx_word' id='word_1_105' title='bbox 735 1335 810 1398; x_wconf 90' lang='lat' dir='ltr'>Non</span> <span class='ocrx_word' id='word_1_106' title='bbox 833 1342 885 1400; x_wconf 88' lang='lat' dir='ltr'>est</span> <span class='ocrx_word' id='word_1_107' title='bbox 907 1336 996 1398; x_wconf 89' lang='lat' dir='ltr'>enim</span> <span class='ocrx_word' id='word_1_108' title='bbox 1019 1332 1200 1399; x_wconf 87' lang='lat' dir='ltr'>verisimile</span> <span class='ocrx_word' id='word_1_109' title='bbox 1223 1333 1369 1414; x_wconf 87' lang='lat' dir='ltr'>futurum</span> <span class='ocrx_word' id='word_1_110' title='bbox 1393 1333 1507 1414; x_wconf 65' lang='lat' dir='ltr'>fuisse</span> 
     </span>
     <span class='ocr_line' id='line_1_13' title="bbox 165 1420 1508 1502; baseline -0.001 -16"><span class='ocrx_word' id='word_1_111' title='bbox 165 1421 270 1486; x_wconf 84' lang='lat' dir='ltr'>atilli</span> <span class='ocrx_word' id='word_1_112' title='bbox 293 1421 478 1502; x_wconf 83' lang='lat' dir='ltr'>scripturae,</span> <span class='ocrx_word' id='word_1_113' title='bbox 501 1439 577 1486; x_wconf 88' lang='lat' dir='ltr'>cum</span> <span class='ocrx_word' id='word_1_114' title='bbox 601 1420 641 1486; x_wconf 90' lang='lat' dir='ltr'>de</span> <span class='ocrx_word' id='word_1_115' title='bbox 663 1421 848 1486; x_wconf 84' lang='lat' dir='ltr'>clarissimo</span> <span class='ocrx_word' id='word_1_116' title='bbox 887 1423 958 1486; x_wconf 86' lang='lat' dir='ltr'>viro</span> <span class='ocrx_word' id='word_1_117' title='bbox 982 1429 1284 1498; x_wconf 82' lang='lat' dir='ltr'>commemorantes</span> <span class='ocrx_word' id='word_1_118' title='bbox 1309 1421 1381 1484; x_wconf 88' lang='lat' dir='ltr'>eius</span> <span class='ocrx_word' id='word_1_119' title='bbox 1404 1421 1508 1484; x_wconf 86' lang='lat' dir='ltr'>inteli-</span> 
     </span>
     <span class='ocr_line' id='line_1_14' title="bbox 164 1507 1506 1590; baseline 0.001 -18"><span class='ocrx_word' id='word_1_120' title='bbox 164 1527 235 1572; x_wconf 89' lang='lat' dir='ltr'>cem</span> <span class='ocrx_word' id='word_1_121' title='bbox 268 1508 356 1571; x_wconf 86' lang='lat' dir='ltr'>ritae</span> <span class='ocrx_word' id='word_1_122' title='bbox 388 1509 508 1572; x_wconf 84' lang='lat' dir='ltr'>exitum</span> <span class='ocrx_word' id='word_1_123' title='bbox 544 1508 743 1587; x_wconf 83' lang='lat' dir='ltr'>cogitatione</span> <span class='ocrx_word' id='word_1_124' title='bbox 776 1509 983 1588; x_wconf 82' lang='lat' dir='ltr'>attingerent,</span> <span class='ocrx_word' id='word_1_125' title='bbox 1008 1528 1050 1573; x_wconf 90' lang='lat' dir='ltr'>ne</span> <span class='ocrx_word' id='word_1_126' title='bbox 1074 1509 1167 1572; x_wconf 89' lang='lat' dir='ltr'>iuviti</span> <span class='ocrx_word' id='word_1_127' title='bbox 1200 1508 1334 1590; x_wconf 90' lang='lat' dir='ltr'>quidem</span> <span class='ocrx_word' id='word_1_128' title='bbox 1365 1507 1506 1588; x_wconf 84' lang='lat' dir='ltr'>aliquam</span> 
     </span>
     <span class='ocr_line' id='line_1_15' title="bbox 165 1595 746 1670; baseline -0.002 -12"><span class='ocrx_word' id='word_1_129' title='bbox 165 1595 389 1663; x_wconf 86' lang='lat' dir='ltr'>miserationis</span> <span class='ocrx_word' id='word_1_130' title='bbox 413 1613 526 1670; x_wconf 88' lang='lat' dir='ltr'>yocem</span> <span class='ocrx_word' id='word_1_131' title='bbox 550 1596 746 1661; x_wconf 88' lang='lat' dir='ltr'>emitterent.</span> 
     </span>
    </p>

    <p class='ocr_par' dir='ltr' id='par_1_3' title="bbox 162 1681 1515 2898">
     <span class='ocr_line' id='line_1_16' title="bbox 197 1681 1512 1764; baseline 0.003 -22"><span class='ocrx_word' id='word_1_132' title='bbox 197 1737 199 1742; x_wconf 89' lang='lat'>.</span> <span class='ocrx_word' id='word_1_133' title='bbox 269 1681 384 1761; x_wconf 89' lang='lat' dir='ltr'>Neque</span> <span class='ocrx_word' id='word_1_134' title='bbox 421 1681 744 1764; x_wconf 88' lang='lat' dir='ltr'>praetermittendum</span> <span class='ocrx_word' id='word_1_135' title='bbox 776 1688 827 1747; x_wconf 88' lang='lat' dir='ltr'>cst</span> <span class='ocrx_word' id='word_1_136' title='bbox 857 1681 1051 1764; x_wconf 80' lang='lat' dir='ltr'>Lactantii¹)</span> <span class='ocrx_word' id='word_1_137' title='bbox 1085 1682 1125 1746; x_wconf 89' lang='lat' dir='ltr'>de</span> <span class='ocrx_word' id='word_1_138' title='bbox 1159 1682 1270 1748; x_wconf 88' lang='lat' dir='ltr'>furore</span> <span class='ocrx_word' id='word_1_139' title='bbox 1305 1687 1337 1746; x_wconf 89' lang='lat' dir='ltr'>ct</span> <span class='ocrx_word' id='word_1_140' title='bbox 1367 1682 1512 1747; x_wconf 87' lang='lat' dir='ltr'>violenta</span> 
     </span>
     <span class='ocr_line' id='line_1_17' title="bbox 166 1768 1510 1852; baseline -0.001 -18"><span class='ocrx_word' id='word_1_141' title='bbox 166 1776 286 1851; x_wconf 87' lang='lat' dir='ltr'>petae</span> <span class='ocrx_word' id='word_1_142' title='bbox 310 1774 416 1833; x_wconf 85' lang='lat' dir='ltr'>morte</span> <span class='ocrx_word' id='word_1_143' title='bbox 439 1769 615 1846; x_wconf 87' lang='lat' dir='ltr'>silentium,</span> <span class='ocrx_word' id='word_1_144' title='bbox 646 1787 752 1850; x_wconf 90' lang='lat' dir='ltr'>eoque</span> <span class='ocrx_word' id='word_1_145' title='bbox 776 1771 895 1852; x_wconf 83' lang='lat' dir='ltr'>minue,</span> <span class='ocrx_word' id='word_1_146' title='bbox 927 1770 1013 1850; x_wconf 88' lang='lat' dir='ltr'>quod</span> <span class='ocrx_word' id='word_1_147' title='bbox 1037 1769 1176 1835; x_wconf 89' lang='lat' dir='ltr'>tacendo</span> <span class='ocrx_word' id='word_1_148' title='bbox 1199 1770 1349 1834; x_wconf 88' lang='lat' dir='ltr'>confiteri</span> <span class='ocrx_word' id='word_1_149' title='bbox 1381 1768 1510 1834; x_wconf 85' lang='lat' dir='ltr'>ridetur</span> 
     </span>
     <span class='ocr_line' id='line_1_18' title="bbox 164 1854 1512 1938; baseline 0.001 -19"><span class='ocrx_word' id='word_1_150' title='bbox 164 1856 248 1920; x_wconf 86' lang='lat' dir='ltr'>falsa</span> <span class='ocrx_word' id='word_1_151' title='bbox 270 1873 353 1933; x_wconf 87' lang='lat' dir='ltr'>esse,</span> <span class='ocrx_word' id='word_1_152' title='bbox 377 1875 461 1938; x_wconf 91' lang='lat' dir='ltr'>quae</span> <span class='ocrx_word' id='word_1_153' title='bbox 486 1854 708 1936; x_wconf 83' lang='lat' dir='ltr'>Hieronymus</span> <span class='ocrx_word' id='word_1_154' title='bbox 732 1857 874 1920; x_wconf 87' lang='lat' dir='ltr'>tradidit.</span> <span class='ocrx_word' id='word_1_155' title='bbox 898 1855 1090 1921; x_wconf 85' lang='lat' dir='ltr'>Lactantius</span> <span class='ocrx_word' id='word_1_156' title='bbox 1115 1857 1202 1922; x_wconf 89' lang='lat' dir='ltr'>euim</span> <span class='ocrx_word' id='word_1_157' title='bbox 1218 1855 1353 1922; x_wconf 88' lang='lat' dir='ltr'>ultimus</span> <span class='ocrx_word' id='word_1_158' title='bbox 1370 1856 1512 1938; x_wconf 87' lang='lat' dir='ltr'>scriptor</span> 
     </span>
     <span class='ocr_line' id='line_1_19' title="bbox 165 1941 1511 2023; baseline 0.001 -19"><span class='ocrx_word' id='word_1_159' title='bbox 165 1942 366 2022; x_wconf 55' lang='lat' dir='ltr'>irancuum)</span> <span class='ocrx_word' id='word_1_160' title='bbox 391 1941 461 2021; x_wconf 86' lang='lat' dir='ltr'>fuit,</span> <span class='ocrx_word' id='word_1_161' title='bbox 486 1943 541 2022; x_wconf 90' lang='lat' dir='ltr'>qui</span> <span class='ocrx_word' id='word_1_162' title='bbox 564 1943 777 2008; x_wconf 85' lang='lat' dir='ltr'>emorientem</span> <span class='ocrx_word' id='word_1_163' title='bbox 810 1945 1032 2008; x_wconf 84' lang='lat' dir='ltr'>Romanorum</span> <span class='ocrx_word' id='word_1_164' title='bbox 1068 1945 1285 2023; x_wconf 85' lang='lat' dir='ltr'>gentilitatem</span> <span class='ocrx_word' id='word_1_165' title='bbox 1308 1946 1429 2008; x_wconf 90' lang='lat' dir='ltr'>acriter</span> <span class='ocrx_word' id='word_1_166' title='bbox 1452 1943 1511 2006; x_wconf 89' lang='lat' dir='ltr'>im-</span> 
     </span>
     <span class='ocr_line' id='line_1_20' title="bbox 166 2029 1515 2112; baseline -0.004 -14"><span class='ocrx_word' id='word_1_167' title='bbox 166 2029 341 2111; x_wconf 75' lang='lat' dir='ltr'>pugnabat.</span> <span class='ocrx_word' id='word_1_168' title='bbox 388 2029 480 2094; x_wconf 87' lang='lat' dir='ltr'>idem</span> <span class='ocrx_word' id='word_1_169' title='bbox 526 2049 601 2094; x_wconf 92' lang='lat' dir='ltr'>cum</span> <span class='ocrx_word' id='word_1_170' title='bbox 646 2029 784 2095; x_wconf 88' lang='lat' dir='ltr'>aliorum</span> <span class='ocrx_word' id='word_1_171' title='bbox 808 2037 960 2094; x_wconf 82' lang='lat' dir='ltr'>ueterum</span> <span class='ocrx_word' id='word_1_172' title='bbox 994 2031 1266 2112; x_wconf 89' lang='lat' dir='ltr'>philosophorum</span> <span class='ocrx_word' id='word_1_173' title='bbox 1302 2036 1371 2094; x_wconf 89' lang='lat' dir='ltr'>tum</span> <span class='ocrx_word' id='word_1_174' title='bbox 1403 2030 1515 2111; x_wconf 83' lang='lat' dir='ltr'>impri-</span> 
     </span>
     <span class='ocr_line' id='line_1_21' title="bbox 164 2115 1515 2198; baseline 0 -18"><span class='ocrx_word' id='word_1_175' title='bbox 164 2118 226 2180; x_wconf 90' lang='lat' dir='ltr'>mis</span> <span class='ocrx_word' id='word_1_176' title='bbox 249 2115 386 2197; x_wconf 83' lang='lat' dir='ltr'>Epicuri</span> <span class='ocrx_word' id='word_1_177' title='bbox 410 2116 539 2198; x_wconf 90' lang='lat' dir='ltr'>placita,</span> <span class='ocrx_word' id='word_1_178' title='bbox 564 2135 704 2198; x_wconf 90' lang='lat' dir='ltr'>quorum</span> <span class='ocrx_word' id='word_1_179' title='bbox 728 2137 892 2183; x_wconf 90' lang='lat' dir='ltr'>summam</span> <span class='ocrx_word' id='word_1_180' title='bbox 915 2136 954 2181; x_wconf 83' lang='lat' dir='ltr'>ex</span> <span class='ocrx_word' id='word_1_181' title='bbox 967 2119 1114 2184; x_wconf 88' lang='lat' dir='ltr'>carmine</span> <span class='ocrx_word' id='word_1_182' title='bbox 1139 2118 1331 2184; x_wconf 88' lang='lat' dir='ltr'>Lucretiauo</span> <span class='ocrx_word' id='word_1_183' title='bbox 1349 2118 1515 2197; x_wconf 84' lang='lat' dir='ltr'>cognitam</span> 
     </span>
     <span class='ocr_line' id='line_1_22' title="bbox 164 2203 1508 2286; baseline 0.001 -20"><span class='ocrx_word' id='word_1_184' title='bbox 164 2204 324 2282; x_wconf 85' lang='lat' dir='ltr'>habuit³),</span> <span class='ocrx_word' id='word_1_185' title='bbox 347 2204 544 2268; x_wconf 84' lang='lat' dir='ltr'>acutissimis</span> <span class='ocrx_word' id='word_1_186' title='bbox 567 2204 639 2268; x_wconf 86' lang='lat' dir='ltr'>telis</span> <span class='ocrx_word' id='word_1_187' title='bbox 662 2204 897 2270; x_wconf 88' lang='lat' dir='ltr'>insectabatur.</span> <span class='ocrx_word' id='word_1_188' title='bbox 924 2203 1049 2269; x_wconf 81' lang='lat' dir='ltr'>Graves</span> <span class='ocrx_word' id='word_1_189' title='bbox 1073 2205 1107 2269; x_wconf 89' lang='lat' dir='ltr'>in</span> <span class='ocrx_word' id='word_1_190' title='bbox 1132 2204 1314 2286; x_wconf 81' lang='lat' dir='ltr'>Epicurum</span> <span class='ocrx_word' id='word_1_191' title='bbox 1336 2209 1368 2268; x_wconf 90' lang='lat' dir='ltr'>et</span> <span class='ocrx_word' id='word_1_192' title='bbox 1391 2204 1508 2268; x_wconf 88' lang='lat' dir='ltr'>Luere-</span> 
     </span>
     <span class='ocr_line' id='line_1_23' title="bbox 163 2290 1510 2374; baseline 0 -21"><span class='ocrx_word' id='word_1_193' title='bbox 163 2293 246 2356; x_wconf 82' lang='lat' dir='ltr'>tium</span> <span class='ocrx_word' id='word_1_194' title='bbox 269 2291 449 2355; x_wconf 86' lang='lat' dir='ltr'>invectivae</span> <span class='ocrx_word' id='word_1_195' title='bbox 472 2292 684 2372; x_wconf 87' lang='lat' dir='ltr'>reperiuntur</span> <span class='ocrx_word' id='word_1_196' title='bbox 705 2292 866 2374; x_wconf 88' lang='lat' dir='ltr'>imprimis</span> <span class='ocrx_word' id='word_1_197' title='bbox 886 2293 920 2355; x_wconf 90' lang='lat' dir='ltr'>iu</span> <span class='ocrx_word' id='word_1_198' title='bbox 934 2291 1099 2356; x_wconf 84' lang='lat' dir='ltr'>Laetantii</span> <span class='ocrx_word' id='word_1_199' title='bbox 1121 2292 1214 2356; x_wconf 89' lang='lat' dir='ltr'>libris</span> <span class='ocrx_word' id='word_1_200' title='bbox 1239 2292 1278 2356; x_wconf 91' lang='lat' dir='ltr'>de</span> <span class='ocrx_word' id='word_1_201' title='bbox 1303 2291 1432 2372; x_wconf 85' lang='lat' dir='ltr'>opificio</span> <span class='ocrx_word' id='word_1_202' title='bbox 1448 2290 1510 2368; x_wconf 85' lang='lat' dir='ltr'>dei,</span> 
     </span>
     <span class='ocr_line' id='line_1_24' title="bbox 164 2375 1510 2460; baseline -0.002 -18"><span class='ocrx_word' id='word_1_203' title='bbox 164 2378 204 2443; x_wconf 89' lang='lat' dir='ltr'>de</span> <span class='ocrx_word' id='word_1_204' title='bbox 228 2377 339 2442; x_wconf 83' lang='lat' dir='ltr'>divina</span> <span class='ocrx_word' id='word_1_205' title='bbox 363 2378 580 2456; x_wconf 84' lang='lat' dir='ltr'>institutione,</span> <span class='ocrx_word' id='word_1_206' title='bbox 614 2375 737 2459; x_wconf 85' lang='lat' dir='ltr'>deira,</span> <span class='ocrx_word' id='word_1_207' title='bbox 770 2381 861 2444; x_wconf 81' lang='lat' dir='ltr'>velut</span> <span class='ocrx_word' id='word_1_208' title='bbox 884 2380 923 2443; x_wconf 88' lang='lat' dir='ltr'>dc</span> <span class='ocrx_word' id='word_1_209' title='bbox 947 2378 1023 2459; x_wconf 82' lang='lat' dir='ltr'>opii.</span> <span class='ocrx_word' id='word_1_210' title='bbox 1056 2383 1085 2444; x_wconf 89' lang='grc'>6.</span> <span class='ocrx_word' id='word_1_211' title='bbox 1111 2381 1149 2442; x_wconf 87' lang='lat'>1:</span> <span class='ocrx_word' id='word_1_212' title='bbox 1177 2379 1280 2455; x_wconf 87' lang='lat' dir='ltr'>,illius</span> <span class='ocrx_word' id='word_1_213' title='bbox 1316 2375 1510 2460; x_wconf 66' lang='grc' dir='ltr'><strong>(301111ρὶ-</strong></span> 
     </span>
     <span class='ocr_line' id='line_1_25' title="bbox 162 2463 1506 2547; baseline 0 -19"><span class='ocrx_word' id='word_1_214' title='bbox 162 2465 247 2544; x_wconf 86' lang='lat' dir='ltr'>curi)</span> <span class='ocrx_word' id='word_1_215' title='bbox 272 2470 349 2528; x_wconf 86' lang='lat' dir='ltr'>sunt</span> <span class='ocrx_word' id='word_1_216' title='bbox 372 2463 591 2546; x_wconf 84' lang='lat' dir='ltr'>omnie,quae</span> <span class='ocrx_word' id='word_1_217' title='bbox 615 2465 735 2530; x_wconf 88' lang='lat' dir='ltr'>delirat</span> <span class='ocrx_word' id='word_1_218' title='bbox 756 2465 1016 2543; x_wconf 81' lang='lat' dir='ltr'>Lucretius“‚de</span> <span class='ocrx_word' id='word_1_219' title='bbox 1039 2467 1091 2530; x_wconf 87' lang='lat' dir='ltr'>ira</span> <span class='ocrx_word' id='word_1_220' title='bbox 1117 2467 1165 2530; x_wconf 87' lang='grc'><strong>10.</strong></span> <span class='ocrx_word' id='word_1_221' title='bbox 1193 2469 1252 2547; x_wconf 86' lang='grc'><strong>17.,</strong></span> <span class='ocrx_word' id='word_1_222' title='bbox 1276 2465 1331 2530; x_wconf 91' lang='lat' dir='ltr'>ubi</span> <span class='ocrx_word' id='word_1_223' title='bbox 1354 2465 1506 2530; x_wconf 88' lang='lat' dir='ltr'>versibus</span> 
     </span>
     <span class='ocr_line' id='line_1_26' title="bbox 165 2549 1513 2634; baseline 0.001 -21"><span class='ocrx_word' id='word_1_224' title='bbox 165 2549 310 2616; x_wconf 82' lang='lat' dir='ltr'>Lucretii</span> <span class='ocrx_word' id='word_1_225' title='bbox 344 2550 370 2614; x_wconf 91' lang='lat' dir='ltr'>I.</span> <span class='ocrx_word' id='word_1_226' title='bbox 409 2555 750 2632; x_wconf 54' lang='grc'><strong>1599161905-</strong></span> <span class='ocrx_word' id='word_1_227' title='bbox 777 2555 838 2619; x_wconf 78' lang='grc'>907</span> <span class='ocrx_word' id='word_1_228' title='bbox 872 2554 981 2618; x_wconf 87' lang='lat' dir='ltr'>allatis</span> <span class='ocrx_word' id='word_1_229' title='bbox 1016 2555 1063 2616; x_wconf 90' lang='lat' dir='ltr'>sic</span> <span class='ocrx_word' id='word_1_230' title='bbox 1097 2553 1280 2617; x_wconf 85' lang='lat' dir='ltr'>invehitur:</span> <span class='ocrx_word' id='word_1_231' title='bbox 1322 2554 1412 2634; x_wconf 88' lang='lat' dir='ltr'>,quis</span> <span class='ocrx_word' id='word_1_232' title='bbox 1436 2570 1513 2616; x_wconf 88' lang='lat' dir='ltr'>eum</span> 
     </span>
     <span class='ocr_line' id='line_1_27' title="bbox 167 2637 1513 2720; baseline -0.001 -14"><span class='ocrx_word' id='word_1_233' title='bbox 167 2638 251 2706; x_wconf 79' lang='lat' dir='ltr'>(scil.</span> <span class='ocrx_word' id='word_1_234' title='bbox 276 2637 425 2719; x_wconf 87' lang='lat' dir='ltr'>Lucret.)</span> <span class='ocrx_word' id='word_1_235' title='bbox 450 2643 541 2720; x_wconf 88' lang='lat' dir='ltr'>putet</span> <span class='ocrx_word' id='word_1_236' title='bbox 563 2639 718 2706; x_wconf 89' lang='lat' dir='ltr'>habuisse</span> <span class='ocrx_word' id='word_1_237' title='bbox 741 2643 944 2706; x_wconf 78' lang='lat' dir='ltr'>cerebrum.“</span> <span class='ocrx_word' id='word_1_238' title='bbox 985 2637 1111 2720; x_wconf 77' lang='lat' dir='ltr'>Quibus</span> <span class='ocrx_word' id='word_1_239' title='bbox 1136 2641 1216 2703; x_wconf 90' lang='lat' dir='ltr'>locis</span> <span class='ocrx_word' id='word_1_240' title='bbox 1240 2640 1370 2704; x_wconf 81' lang='lat' dir='ltr'>iunixus</span> <span class='ocrx_word' id='word_1_241' title='bbox 1393 2638 1513 2720; x_wconf 89' lang='lat' dir='ltr'>aliquis</span> 
     </span>
     <span class='ocr_line' id='line_1_28' title="bbox 164 2723 1514 2810; baseline 0.001 -23"><span class='ocrx_word' id='word_1_242' title='bbox 164 2723 260 2788; x_wconf 87' lang='lat' dir='ltr'>facile</span> <span class='ocrx_word' id='word_1_243' title='bbox 291 2724 333 2788; x_wconf 92' lang='lat' dir='ltr'>ad</span> <span class='ocrx_word' id='word_1_244' title='bbox 364 2727 590 2790; x_wconf 87' lang='lat' dir='ltr'>coniecturam</span> <span class='ocrx_word' id='word_1_245' title='bbox 623 2726 740 2791; x_wconf 88' lang='lat' dir='ltr'>adduci</span> <span class='ocrx_word' id='word_1_246' title='bbox 764 2734 885 2810; x_wconf 89' lang='lat' dir='ltr'>potest,</span> <span class='ocrx_word' id='word_1_247' title='bbox 918 2726 1108 2791; x_wconf 82' lang='lat' dir='ltr'>Lucretium</span> <span class='ocrx_word' id='word_1_248' title='bbox 1131 2745 1166 2790; x_wconf 89' lang='lat' dir='ltr'>re</span> <span class='ocrx_word' id='word_1_249' title='bbox 1188 2745 1267 2790; x_wconf 85' lang='lat' dir='ltr'>vera</span> <span class='ocrx_word' id='word_1_250' title='bbox 1302 2727 1455 2790; x_wconf 90' lang='lat' dir='ltr'>insanum</span> <span class='ocrx_word' id='word_1_251' title='bbox 1482 2732 1514 2788; x_wconf 87' lang='lat' dir='ltr'>et</span> 
     </span>
     <span class='ocr_line' id='line_1_29' title="bbox 164 2812 1512 2898; baseline 0 -22"><span class='ocrx_word' id='word_1_252' title='bbox 164 2815 273 2876; x_wconf 91' lang='lat' dir='ltr'>mente</span> <span class='ocrx_word' id='word_1_253' title='bbox 305 2820 440 2892; x_wconf 87' lang='lat' dir='ltr'>captum</span> <span class='ocrx_word' id='word_1_254' title='bbox 460 2812 571 2891; x_wconf 86' lang='lat' dir='ltr'>fuisse,</span> <span class='ocrx_word' id='word_1_255' title='bbox 602 2814 635 2877; x_wconf 91' lang='lat' dir='ltr'>id</span> <span class='ocrx_word' id='word_1_256' title='bbox 659 2814 747 2898; x_wconf 91' lang='lat' dir='ltr'>quod</span> <span class='ocrx_word' id='word_1_257' title='bbox 770 2817 812 2878; x_wconf 92' lang='lat' dir='ltr'>ab</span> <span class='ocrx_word' id='word_1_258' title='bbox 836 2815 1034 2894; x_wconf 89' lang='lat' dir='ltr'>Hieronymo</span> <span class='ocrx_word' id='word_1_259' title='bbox 1058 2815 1235 2879; x_wconf 88' lang='lat' dir='ltr'>memoriae</span> <span class='ocrx_word' id='word_1_260' title='bbox 1259 2813 1425 2895; x_wconf 84' lang='lat' dir='ltr'>proditum</span> <span class='ocrx_word' id='word_1_261' title='bbox 1451 2819 1512 2877; x_wconf 88' lang='lat' dir='ltr'>est.</span> 
     </span>
    </p>

    <p class='ocr_par' dir='ltr' id='par_1_4' title="bbox 164 2897 1511 3158">
     <span class='ocr_line' id='line_1_30' title="bbox 266 2897 1511 2981; baseline 0.001 -20"><span class='ocrx_word' id='word_1_262' title='bbox 266 2897 398 2978; x_wconf 90' lang='lat' dir='ltr'>Verum,</span> <span class='ocrx_word' id='word_1_263' title='bbox 423 2901 599 2981; x_wconf 84' lang='lat' dir='ltr'>quominus</span> <span class='ocrx_word' id='word_1_264' title='bbox 624 2901 654 2965; x_wconf 89' lang='lat' dir='ltr'>ei</span> <span class='ocrx_word' id='word_1_265' title='bbox 677 2903 883 2966; x_wconf 90' lang='lat' dir='ltr'>coniecturae</span> <span class='ocrx_word' id='word_1_266' title='bbox 930 2901 1114 2981; x_wconf 90' lang='lat' dir='ltr'>credamus,</span> <span class='ocrx_word' id='word_1_267' title='bbox 1146 2901 1219 2966; x_wconf 90' lang='lat' dir='ltr'>aliis</span> <span class='ocrx_word' id='word_1_268' title='bbox 1241 2899 1407 2965; x_wconf 87' lang='lat' dir='ltr'>Lactantii</span> <span class='ocrx_word' id='word_1_269' title='bbox 1429 2899 1511 2964; x_wconf 90' lang='lat' dir='ltr'>locis</span> 
     </span>
     <span class='ocr_line' id='line_1_31' title="bbox 165 2985 1511 3070; baseline -0.001 -20"><span class='ocrx_word' id='word_1_270' title='bbox 165 2985 373 3066; x_wconf 81' lang='lat' dir='ltr'>impedimur,</span> <span class='ocrx_word' id='word_1_271' title='bbox 398 3005 439 3050; x_wconf 81' lang='lat' dir='ltr'>ex</span> <span class='ocrx_word' id='word_1_272' title='bbox 462 2987 579 3067; x_wconf 88' lang='lat' dir='ltr'>quihus</span> <span class='ocrx_word' id='word_1_273' title='bbox 602 2995 749 3070; x_wconf 87' lang='lat' dir='ltr'>apparet,</span> <span class='ocrx_word' id='word_1_274' title='bbox 774 2990 814 3053; x_wconf 90' lang='lat' dir='ltr'>de</span> <span class='ocrx_word' id='word_1_275' title='bbox 837 2988 982 3053; x_wconf 89' lang='lat' dir='ltr'>Lucretii</span> <span class='ocrx_word' id='word_1_276' title='bbox 1004 2989 1133 3052; x_wconf 85' lang='lat' dir='ltr'>insania</span> <span class='ocrx_word' id='word_1_277' title='bbox 1156 2995 1189 3052; x_wconf 89' lang='lat' dir='ltr'>et</span> <span class='ocrx_word' id='word_1_278' title='bbox 1211 2988 1357 3052; x_wconf 87' lang='lat' dir='ltr'>violenta</span> <span class='ocrx_word' id='word_1_279' title='bbox 1402 2992 1511 3051; x_wconf 89' lang='lat' dir='ltr'>morte</span> 
     </span>
     <span class='ocr_line' id='line_1_32' title="bbox 164 3073 1088 3158; baseline 0.006 -24"><span class='ocrx_word' id='word_1_280' title='bbox 164 3073 386 3137; x_wconf 87' lang='lat' dir='ltr'>narrationem</span> <span class='ocrx_word' id='word_1_281' title='bbox 411 3073 457 3136; x_wconf 88' lang='lat' dir='ltr'>illi</span> <span class='ocrx_word' id='word_1_282' title='bbox 480 3075 631 3156; x_wconf 87' lang='lat' dir='ltr'>scriptori</span> <span class='ocrx_word' id='word_1_283' title='bbox 654 3093 789 3157; x_wconf 88' lang='lat' dir='ltr'>prorsus</span> <span class='ocrx_word' id='word_1_284' title='bbox 811 3076 956 3158; x_wconf 85' lang='lat' dir='ltr'>ignotam</span> <span class='ocrx_word' id='word_1_285' title='bbox 980 3075 1088 3140; x_wconf 87' lang='lat' dir='ltr'>fuisse.</span> 
     </span>
    </p>
   </div>
   <div class='ocr_carea' id='block_1_3' title="bbox 162 3177 1510 3352">
    <p class='ocr_par' dir='ltr' id='par_1_5' title="bbox 162 3177 1510 3352">
     <span class='ocr_line' id='line_1_33' title="bbox 267 3177 1510 3261; baseline 0 -19"><span class='ocrx_word' id='word_1_286' title='bbox 267 3177 370 3256; x_wconf 83' lang='lat' dir='ltr'>Quod,</span> <span class='ocrx_word' id='word_1_287' title='bbox 394 3187 431 3242; x_wconf 91' lang='lat' dir='ltr'>ut</span> <span class='ocrx_word' id='word_1_288' title='bbox 454 3178 518 3243; x_wconf 89' lang='lat' dir='ltr'>alia</span> <span class='ocrx_word' id='word_1_289' title='bbox 540 3189 735 3258; x_wconf 82' lang='lat' dir='ltr'>argumenta</span> <span class='ocrx_word' id='word_1_290' title='bbox 758 3181 992 3261; x_wconf 58' lang='lat' dir='ltr'>omittamusst)</span> <span class='ocrx_word' id='word_1_291' title='bbox 1016 3179 1176 3260; x_wconf 88' lang='lat' dir='ltr'>imprimis</span> <span class='ocrx_word' id='word_1_292' title='bbox 1200 3178 1290 3243; x_wconf 88' lang='lat' dir='ltr'>Lact.</span> <span class='ocrx_word' id='word_1_293' title='bbox 1315 3177 1382 3242; x_wconf 85' lang='lat' dir='ltr'>dir.</span> <span class='ocrx_word' id='word_1_294' title='bbox 1407 3178 1510 3242; x_wconf 89' lang='lat' dir='ltr'>instit.</span> 
     </span>
     <span class='ocr_line' id='line_1_34' title="bbox 162 3262 1510 3352; baseline 0.002 -27"><span class='ocrx_word' id='word_1_295' title='bbox 162 3262 220 3328; x_wconf 84' lang='lat' dir='ltr'>ili.</span> <span class='ocrx_word' id='word_1_296' title='bbox 246 3264 337 3344; x_wconf 77' lang='lat'>18.§</span> <span class='ocrx_word' id='word_1_297' title='bbox 371 3269 402 3342; x_wconf 82' lang='lat'>5,</span> <span class='ocrx_word' id='word_1_298' title='bbox 426 3271 456 3332; x_wconf 89' lang='grc'>6.</span> <span class='ocrx_word' id='word_1_299' title='bbox 479 3273 619 3330; x_wconf 89' lang='lat' dir='ltr'>testatur</span> <span class='ocrx_word' id='word_1_300' title='bbox 642 3267 743 3345; x_wconf 90' lang='lat' dir='ltr'>locus,</span> <span class='ocrx_word' id='word_1_301' title='bbox 778 3269 834 3332; x_wconf 88' lang='lat' dir='ltr'>ubi</span> <span class='ocrx_word' id='word_1_302' title='bbox 858 3271 876 3352; x_wconf 64' lang='grc' dir='ltr'>ς</span> <span class='ocrx_word' id='word_1_303' title='bbox 899 3270 930 3335; x_wconf 83' lang='lat'>5.</span> <span class='ocrx_word' id='word_1_304' title='bbox 955 3265 1145 3331; x_wconf 86' lang='lat' dir='ltr'>Lactantius</span> <span class='ocrx_word' id='word_1_305' title='bbox 1180 3267 1220 3330; x_wconf 90' lang='lat' dir='ltr'>de</span> <span class='ocrx_word' id='word_1_306' title='bbox 1243 3265 1283 3328; x_wconf 89' lang='lat' dir='ltr'>iis</span> <span class='ocrx_word' id='word_1_307' title='bbox 1306 3265 1510 3346; x_wconf 86' lang='lat' dir='ltr'>philosophis</span> 
     </span>
    </p>
   </div>
   <div class='ocr_carea' id='block_1_4' title="bbox 163 3469 1511 3751">
    <p class='ocr_par' dir='ltr' id='par_1_6' title="bbox 273 3469 1509 3540">
     <span class='ocr_line' id='line_1_35' title="bbox 273 3469 1509 3540; baseline -0.001 -15"><span class='ocrx_word' id='word_1_308' title='bbox 273 3473 293 3539; x_wconf 81' lang='lat'>¹)</span> <span class='ocrx_word' id='word_1_309' title='bbox 312 3473 356 3525; x_wconf 88' lang='lat' dir='ltr'>De</span> <span class='ocrx_word' id='word_1_310' title='bbox 375 3475 482 3537; x_wconf 88' lang='lat' dir='ltr'>mutua,</span> <span class='ocrx_word' id='word_1_311' title='bbox 502 3487 573 3540; x_wconf 86' lang='lat' dir='ltr'>quae</span> <span class='ocrx_word' id='word_1_312' title='bbox 595 3473 668 3527; x_wconf 89' lang='lat' dir='ltr'>inter</span> <span class='ocrx_word' id='word_1_313' title='bbox 695 3473 858 3528; x_wconf 89' lang='lat' dir='ltr'>Lucretium</span> <span class='ocrx_word' id='word_1_314' title='bbox 878 3477 907 3527; x_wconf 88' lang='lat' dir='ltr'>et</span> <span class='ocrx_word' id='word_1_315' title='bbox 925 3472 1105 3530; x_wconf 89' lang='lat' dir='ltr'>Lactantium</span> <span class='ocrx_word' id='word_1_316' title='bbox 1124 3469 1283 3535; x_wconf 85' lang='lat' dir='ltr'>intercedit,</span> <span class='ocrx_word' id='word_1_317' title='bbox 1302 3469 1412 3524; x_wconf 88' lang='lat' dir='ltr'>ratione</span> <span class='ocrx_word' id='word_1_318' title='bbox 1432 3470 1509 3537; x_wconf 82' lang='lat' dir='ltr'>inge·</span> 
     </span>
    </p>

    <p class='ocr_par' dir='ltr' id='par_1_7' title="bbox 163 3539 1508 3611">
     <span class='ocr_line' id='line_1_36' title="bbox 163 3539 1508 3611; baseline 0.001 -19"><span class='ocrx_word' id='word_1_319' title='bbox 163 3539 246 3594; x_wconf 88' lang='lat' dir='ltr'>niose</span> <span class='ocrx_word' id='word_1_320' title='bbox 265 3539 420 3608; x_wconf 87' lang='lat' dir='ltr'>disputavit</span> <span class='ocrx_word' id='word_1_321' title='bbox 440 3543 465 3596; x_wconf 85' lang='lat' dir='ltr'>S.</span> <span class='ocrx_word' id='word_1_322' title='bbox 485 3542 600 3609; x_wconf 89' lang='lat' dir='ltr'>Brandt,</span> <span class='ocrx_word' id='word_1_323' title='bbox 619 3545 648 3598; x_wconf 91' lang='lat' dir='ltr'>in</span> <span class='ocrx_word' id='word_1_324' title='bbox 668 3543 790 3609; x_wconf 85' lang='lat' dir='ltr'>dissert,</span> <span class='ocrx_word' id='word_1_325' title='bbox 810 3559 882 3611; x_wconf 89' lang='lat' dir='ltr'>quae</span> <span class='ocrx_word' id='word_1_326' title='bbox 909 3540 1089 3597; x_wconf 85' lang='lat' dir='ltr'>inscribitur:</span> <span class='ocrx_word' id='word_1_327' title='bbox 1122 3541 1306 3606; x_wconf 89' lang='lat' dir='ltr'>,Lactantius</span> <span class='ocrx_word' id='word_1_328' title='bbox 1326 3539 1384 3594; x_wconf 85' lang='lat' dir='ltr'>und</span> <span class='ocrx_word' id='word_1_329' title='bbox 1403 3541 1508 3594; x_wconf 89' lang='lat' dir='ltr'>Lucre·</span> 
     </span>
    </p>

    <p class='ocr_par' dir='ltr' id='par_1_8' title="bbox 164 3608 1511 3751">
     <span class='ocr_line' id='line_1_37' title="bbox 166 3608 1511 3682; baseline 0 -20"><span class='ocrx_word' id='word_1_330' title='bbox 166 3608 280 3678; x_wconf 79' lang='lat' dir='ltr'>tine,“in</span> <span class='ocrx_word' id='word_1_331' title='bbox 299 3610 439 3664; x_wconf 85' lang='lat' dir='ltr'>Fleckeis.</span> <span class='ocrx_word' id='word_1_332' title='bbox 457 3611 523 3679; x_wconf 91' lang='lat' dir='ltr'>phil.</span> <span class='ocrx_word' id='word_1_333' title='bbox 543 3614 644 3668; x_wconf 87' lang='lat' dir='ltr'>Annal.</span> <span class='ocrx_word' id='word_1_334' title='bbox 663 3617 681 3666; x_wconf 90' lang='lat' dir='ltr'>t.</span> <span class='ocrx_word' id='word_1_335' title='bbox 703 3616 760 3667; x_wconf 85' lang='lat'>143.</span> <span class='ocrx_word' id='word_1_336' title='bbox 780 3612 871 3682; x_wconf 84' lang='grc'><strong>(1891)</strong></span> <span class='ocrx_word' id='word_1_337' title='bbox 885 3629 911 3680; x_wconf 82' lang='grc' dir='ltr'>ρ.</span> <span class='ocrx_word' id='word_1_338' title='bbox 923 3614 1072 3676; x_wconf 77' lang='grc'>225-259,</span> <span class='ocrx_word' id='word_1_339' title='bbox 1086 3611 1167 3664; x_wconf 90' lang='lat' dir='ltr'>cuins</span> <span class='ocrx_word' id='word_1_340' title='bbox 1185 3613 1352 3678; x_wconf 86' lang='lat' dir='ltr'>argumenta</span> <span class='ocrx_word' id='word_1_341' title='bbox 1370 3626 1396 3677; x_wconf 89' lang='lat' dir='ltr'>p.</span> <span class='ocrx_word' id='word_1_342' title='bbox 1415 3611 1511 3666; x_wconf 76' lang='lat' dir='ltr'>ais.-</span> 
     </span>
     <span class='ocr_line' id='line_1_38' title="bbox 164 3679 1409 3751; baseline 0.001 -19"><span class='ocrx_word' id='word_1_343' title='bbox 164 3681 216 3734; x_wconf 81' lang='lat'>251</span> <span class='ocrx_word' id='word_1_344' title='bbox 236 3681 323 3734; x_wconf 90' lang='lat' dir='ltr'>allata</span> <span class='ocrx_word' id='word_1_345' title='bbox 341 3680 495 3748; x_wconf 88' lang='lat' dir='ltr'>probantes</span> <span class='ocrx_word' id='word_1_346' title='bbox 514 3682 543 3734; x_wconf 89' lang='lat' dir='ltr'>in</span> <span class='ocrx_word' id='word_1_347' title='bbox 563 3683 749 3751; x_wconf 88' lang='lat' dir='ltr'>consequenti</span> <span class='ocrx_word' id='word_1_348' title='bbox 768 3688 883 3738; x_wconf 86' lang='lat' dir='ltr'>nostrae</span> <span class='ocrx_word' id='word_1_349' title='bbox 903 3681 1114 3747; x_wconf 84' lang='lat' dir='ltr'>dissertationis</span> <span class='ocrx_word' id='word_1_350' title='bbox 1134 3684 1213 3749; x_wconf 86' lang='lat' dir='ltr'>parte</span> <span class='ocrx_word' id='word_1_351' title='bbox 1232 3679 1409 3748; x_wconf 85' lang='lat' dir='ltr'>respicimus.</span> 
     </span>
    </p>
   </div>
   <div class='ocr_carea' id='block_1_5' title="bbox 165 3766 1516 4048">
    <p class='ocr_par' dir='ltr' id='par_1_9' title="bbox 165 3766 1516 4048">
     <span class='ocr_line' id='line_1_39' title="bbox 267 3766 1512 3838; baseline 0 -18"><span class='ocrx_word' id='word_1_352' title='bbox 267 3770 291 3832; x_wconf 69' lang='lat'>⁸)</span> <span class='ocrx_word' id='word_1_353' title='bbox 310 3766 374 3822; x_wconf 86' lang='lat' dir='ltr'>Vid.</span> <span class='ocrx_word' id='word_1_354' title='bbox 393 3769 490 3822; x_wconf 87' lang='lat' dir='ltr'>Herm.</span> <span class='ocrx_word' id='word_1_355' title='bbox 517 3769 638 3824; x_wconf 87' lang='lat' dir='ltr'>Useneri</span> <span class='ocrx_word' id='word_1_356' title='bbox 660 3770 836 3838; x_wconf 79' lang='lat' dir='ltr'>,‚l]picurea“</span> <span class='ocrx_word' id='word_1_357' title='bbox 865 3770 942 3837; x_wconf 89' lang='lat' dir='ltr'>Lips.</span> <span class='ocrx_word' id='word_1_358' title='bbox 962 3770 1038 3824; x_wconf 78' lang='grc'><strong>1887.</strong></span> <span class='ocrx_word' id='word_1_359' title='bbox 1057 3786 1083 3836; x_wconf 92' lang='lat' dir='ltr'>p.</span> <span class='ocrx_word' id='word_1_360' title='bbox 1102 3769 1218 3824; x_wconf 87' lang='lat' dir='ltr'>LXXV:</span> <span class='ocrx_word' id='word_1_361' title='bbox 1248 3767 1366 3838; x_wconf 85' lang='lat' dir='ltr'>„Neque</span> <span class='ocrx_word' id='word_1_362' title='bbox 1386 3767 1512 3830; x_wconf 88' lang='lat' dir='ltr'>hercule,</span> 
     </span>
     <span class='ocr_line' id='line_1_40' title="bbox 166 3835 1515 3906; baseline 0.002 -19"><span class='ocrx_word' id='word_1_363' title='bbox 166 3851 222 3903; x_wconf 93' lang='lat' dir='ltr'>quo</span> <span class='ocrx_word' id='word_1_364' title='bbox 242 3835 430 3890; x_wconf 87' lang='lat' dir='ltr'>eruditionem</span> <span class='ocrx_word' id='word_1_365' title='bbox 449 3837 616 3906; x_wconf 85' lang='lat' dir='ltr'>venditaret,</span> <span class='ocrx_word' id='word_1_366' title='bbox 636 3838 687 3892; x_wconf 89' lang='lat' dir='ltr'>sed</span> <span class='ocrx_word' id='word_1_367' title='bbox 707 3839 783 3906; x_wconf 91' lang='lat' dir='ltr'>qnod</span> <span class='ocrx_word' id='word_1_368' title='bbox 800 3841 896 3893; x_wconf 82' lang='lat' dir='ltr'>valere</span> <span class='ocrx_word' id='word_1_369' title='bbox 917 3855 1041 3892; x_wconf 89' lang='lat' dir='ltr'>errorem</span> <span class='ocrx_word' id='word_1_370' title='bbox 1062 3838 1234 3893; x_wconf 86' lang='lat' dir='ltr'>christianae</span> <span class='ocrx_word' id='word_1_371' title='bbox 1252 3837 1365 3891; x_wconf 84' lang='lat' dir='ltr'>veritati</span> <span class='ocrx_word' id='word_1_372' title='bbox 1377 3837 1515 3890; x_wconf 75' lang='lat' dir='ltr'>intestam</span> 
     </span>
     <span class='ocr_line' id='line_1_41' title="bbox 165 3904 1516 3977; baseline 0.001 -20"><span class='ocrx_word' id='word_1_373' title='bbox 165 3904 281 3958; x_wconf 88' lang='lat' dir='ltr'>videbat</span> <span class='ocrx_word' id='word_1_374' title='bbox 299 3907 475 3973; x_wconf 67' lang='lat' dir='ltr'>Lactantius</span> <span class='ocrx_word' id='word_1_375' title='bbox 495 3911 553 3961; x_wconf 89' lang='lat' dir='ltr'>tam</span> <span class='ocrx_word' id='word_1_376' title='bbox 573 3924 660 3977; x_wconf 85' lang='lat' dir='ltr'>saepe</span> <span class='ocrx_word' id='word_1_377' title='bbox 691 3911 806 3977; x_wconf 84' lang='lat' dir='ltr'>tamque</span> <span class='ocrx_word' id='word_1_378' title='bbox 839 3910 942 3964; x_wconf 82' lang='lat' dir='ltr'>acriter</span> <span class='ocrx_word' id='word_1_379' title='bbox 960 3909 989 3962; x_wconf 92' lang='lat' dir='ltr'>in</span> <span class='ocrx_word' id='word_1_380' title='bbox 1008 3908 1166 3976; x_wconf 86' lang='lat' dir='ltr'>Epicureas</span> <span class='ocrx_word' id='word_1_381' title='bbox 1185 3907 1335 3974; x_wconf 87' lang='lat' dir='ltr'>opiniones</span> <span class='ocrx_word' id='word_1_382' title='bbox 1363 3905 1516 3974; x_wconf 88' lang='lat' dir='ltr'>invehitur,</span> 
     </span>
     <span class='ocr_line' id='line_1_42' title="bbox 166 3975 1154 4048; baseline 0.002 -20"><span class='ocrx_word' id='word_1_383' title='bbox 166 3979 212 4040; x_wconf 88' lang='lat' dir='ltr'>qui</span> <span class='ocrx_word' id='word_1_384' title='bbox 230 3975 334 4029; x_wconf 90' lang='lat' dir='ltr'>librum</span> <span class='ocrx_word' id='word_1_385' title='bbox 355 3975 406 4048; x_wconf 76' lang='lat' dir='ltr'>„de</span> <span class='ocrx_word' id='word_1_386' title='bbox 424 3976 468 4030; x_wconf 91' lang='lat' dir='ltr'>ira</span> <span class='ocrx_word' id='word_1_387' title='bbox 486 3977 555 4031; x_wconf 64' lang='grc' dir='ltr'>1)(11ιι</span> <span class='ocrx_word' id='word_1_388' title='bbox 576 3982 685 4032; x_wconf 85' lang='lat' dir='ltr'>tantum</span> <span class='ocrx_word' id='word_1_389' title='bbox 704 3995 761 4032; x_wconf 91' lang='lat' dir='ltr'>non</span> <span class='ocrx_word' id='word_1_390' title='bbox 781 3979 811 4032; x_wconf 92' lang='lat' dir='ltr'>in</span> <span class='ocrx_word' id='word_1_391' title='bbox 830 3977 989 4046; x_wconf 86' lang='lat' dir='ltr'>Epicureos</span> <span class='ocrx_word' id='word_1_392' title='bbox 1007 3977 1154 4031; x_wconf 80' lang='lat' dir='ltr'>intendit.“</span> 
     </span>
    </p>
   </div>
   <div class='ocr_carea' id='block_1_6' title="bbox 165 4062 1513 4340">
    <p class='ocr_par' dir='ltr' id='par_1_10' title="bbox 165 4062 1513 4328">
     <span class='ocr_line' id='line_1_43' title="bbox 235 4062 1512 4146; baseline -0.002 -28"><span class='ocrx_word' id='word_1_393' title='bbox 235 4131 240 4142; x_wconf 35' lang='grc'>1</span> <span class='ocrx_word' id='word_1_394' title='bbox 269 4063 292 4130; x_wconf 82' lang='lat'>³)</span> <span class='ocrx_word' id='word_1_395' title='bbox 312 4063 374 4142; x_wconf 77' lang='lat' dir='ltr'>Qua</span> <span class='ocrx_word' id='word_1_396' title='bbox 392 4063 427 4117; x_wconf 89' lang='lat' dir='ltr'>de</span> <span class='ocrx_word' id='word_1_397' title='bbox 446 4079 477 4117; x_wconf 88' lang='lat' dir='ltr'>re</span> <span class='ocrx_word' id='word_1_398' title='bbox 495 4063 553 4144; x_wconf 78' lang='lat' dir='ltr'>vid.</span> <span class='ocrx_word' id='word_1_399' title='bbox 583 4064 704 4146; x_wconf 77' lang='lat' dir='ltr'>Useneri</span> <span class='ocrx_word' id='word_1_400' title='bbox 734 4066 834 4121; x_wconf 81' lang='lat' dir='ltr'>lin.</span> <span class='ocrx_word' id='word_1_401' title='bbox 855 4068 886 4118; x_wconf 79' lang='lat'>2:</span> <span class='ocrx_word' id='word_1_402' title='bbox 925 4066 1061 4145; x_wconf 77' lang='lat' dir='ltr'>,auctore</span> <span class='ocrx_word' id='word_1_403' title='bbox 1087 4065 1174 4142; x_wconf 81' lang='lat' dir='ltr'>utitnr</span> <span class='ocrx_word' id='word_1_404' title='bbox 1205 4066 1315 4132; x_wconf 86' lang='lat' dir='ltr'>praeter</span> <span class='ocrx_word' id='word_1_405' title='bbox 1346 4062 1512 4118; x_wconf 86' lang='lat' dir='ltr'>Lucretium</span> 
     </span>
     <span class='ocr_line' id='line_1_44' title="bbox 165 4131 1513 4201; baseline 0.001 -16"><span class='ocrx_word' id='word_1_406' title='bbox 165 4147 289 4186; x_wconf 83' lang='lat' dir='ltr'>maxime</span> <span class='ocrx_word' id='word_1_407' title='bbox 310 4133 447 4187; x_wconf 79' lang='lat' dir='ltr'>Grcerone</span> <span class='ocrx_word' id='word_1_408' title='bbox 468 4135 540 4188; x_wconf 83' lang='lat' dir='ltr'>iscrl.</span> <span class='ocrx_word' id='word_1_409' title='bbox 568 4135 775 4201; x_wconf 57' lang='lat' dir='ltr'>Lactantium</span> <span class='ocrx_word' id='word_1_410' title='bbox 807 4163 842 4176; x_wconf 90' lang='lat'><em>-</em></span> <span class='ocrx_word' id='word_1_411' title='bbox 860 4135 1036 4188; x_wconf 83' lang='lat' dir='ltr'>Klossmann</span> <span class='ocrx_word' id='word_1_412' title='bbox 1054 4151 1083 4186; x_wconf 91' lang='lat' dir='ltr'>m</span> <span class='ocrx_word' id='word_1_413' title='bbox 1102 4133 1240 4200; x_wconf 81' lang='lat' dir='ltr'>Philolog.</span> <span class='ocrx_word' id='word_1_414' title='bbox 1259 4135 1277 4187; x_wconf 90' lang='lat' dir='ltr'>t.</span> <span class='ocrx_word' id='word_1_415' title='bbox 1296 4133 1395 4187; x_wconf 84' lang='lat' dir='ltr'>XXVI.</span> <span class='ocrx_word' id='word_1_416' title='bbox 1416 4149 1442 4201; x_wconf 91' lang='lat' dir='ltr'>p.</span> <span class='ocrx_word' id='word_1_417' title='bbox 1460 4131 1513 4186; x_wconf 81' lang='lat'>362</span> 
     </span>
     <span class='ocr_line' id='line_1_45' title="bbox 165 4201 1509 4328; baseline -0.001 -72"><span class='ocrx_word' id='word_1_418' title='bbox 165 4216 213 4325; x_wconf 41' lang='lat' dir='ltr'>{qq</span> <span class='ocrx_word' id='word_1_419' title='bbox 227 4232 261 4241; x_wconf 97' lang='lat'>—</span> <span class='ocrx_word' id='word_1_420' title='bbox 278 4204 383 4327; x_wconf 54' lang='grc' dir='ltr'>ζιῐὲξὲοη</span> <span class='ocrx_word' id='word_1_421' title='bbox 402 4203 570 4328; x_wconf 49' lang='grc' dir='ltr'>ίῐίἵᾶίεεθής</span> <span class='ocrx_word' id='word_1_422' title='bbox 592 4205 725 4274; x_wconf 74' lang='lat' dir='ltr'>,Lucrea</span> <span class='ocrx_word' id='word_1_423' title='bbox 745 4204 802 4258; x_wconf 91' lang='lat' dir='ltr'>und</span> <span class='ocrx_word' id='word_1_424' title='bbox 822 4205 885 4258; x_wconf 89' lang='lat' dir='ltr'>sein</span> <span class='ocrx_word' id='word_1_425' title='bbox 904 4203 1066 4258; x_wconf 73' lang='lat' dir='ltr'>Verbaltnis</span> <span class='ocrx_word' id='word_1_426' title='bbox 1099 4220 1134 4258; x_wconf 92' lang='lat' dir='ltr'>zu</span> <span class='ocrx_word' id='word_1_427' title='bbox 1155 4203 1246 4256; x_wconf 82' lang='lat' dir='ltr'>Catuli</span> <span class='ocrx_word' id='word_1_428' title='bbox 1266 4201 1323 4255; x_wconf 91' lang='lat' dir='ltr'>und</span> <span class='ocrx_word' id='word_1_429' title='bbox 1344 4201 1509 4270; x_wconf 80' lang='lat' dir='ltr'>Spitteren“,</span> 
     </span>
    </p>

    <p class='ocr_par' dir='ltr' id='par_1_11' title="bbox 193 4285 514 4340">
     <span class='ocr_line' id='line_1_46' title="bbox 193 4285 514 4340; baseline 0.009 -16"><span class='ocrx_word' id='word_1_430' title='bbox 193 4285 260 4326; x_wconf 84' lang='lat' dir='ltr'>ion.</span> <span class='ocrx_word' id='word_1_431' title='bbox 351 4289 400 4340; x_wconf 91' lang='lat' dir='ltr'>.p.</span> <span class='ocrx_word' id='word_1_432' title='bbox 457 4304 514 4327; x_wconf 88' lang='lat'>.-</span> 
     </span>
    </p>
   </div>
   <div class='ocr_carea' id='block_1_7' title="bbox 165 4357 1516 4638">
    <p class='ocr_par' dir='ltr' id='par_1_12' title="bbox 165 4357 1516 4638">
     <span class='ocr_line' id='line_1_47' title="bbox 269 4357 1509 4430; baseline 0 -18"><span class='ocrx_word' id='word_1_433' title='bbox 269 4361 294 4424; x_wconf 81' lang='lat'>⁴)</span> <span class='ocrx_word' id='word_1_434' title='bbox 315 4359 393 4426; x_wconf 73' lang='lat' dir='ltr'>Quae</span> <span class='ocrx_word' id='word_1_435' title='bbox 412 4359 478 4413; x_wconf 90' lang='lat' dir='ltr'>iude</span> <span class='ocrx_word' id='word_1_436' title='bbox 498 4363 639 4430; x_wconf 86' lang='lat' dir='ltr'>petuntur,</span> <span class='ocrx_word' id='word_1_437' title='bbox 658 4359 734 4427; x_wconf 91' lang='lat' dir='ltr'>quod</span> <span class='ocrx_word' id='word_1_438' title='bbox 752 4359 919 4414; x_wconf 85' lang='lat' dir='ltr'>Lactantius</span> <span class='ocrx_word' id='word_1_439' title='bbox 939 4360 1025 4414; x_wconf 84' lang='lat' dir='ltr'>etiam</span> <span class='ocrx_word' id='word_1_440' title='bbox 1048 4359 1121 4414; x_wconf 87' lang='lat' dir='ltr'>alios</span> <span class='ocrx_word' id='word_1_441' title='bbox 1141 4359 1337 4427; x_wconf 83' lang='lat' dir='ltr'>philosophos,</span> <span class='ocrx_word' id='word_1_442' title='bbox 1356 4357 1434 4411; x_wconf 85' lang='lat' dir='ltr'>velut</span> <span class='ocrx_word' id='word_1_443' title='bbox 1453 4359 1509 4424; x_wconf 88' lang='lat' dir='ltr'>Py·</span> 
     </span>
     <span class='ocr_line' id='line_1_48' title="bbox 166 4427 1516 4500; baseline -0.002 -18"><span class='ocrx_word' id='word_1_444' title='bbox 166 4428 314 4496; x_wconf 83' lang='lat' dir='ltr'>thagoram</span> <span class='ocrx_word' id='word_1_445' title='bbox 344 4429 432 4484; x_wconf 88' lang='lat' dir='ltr'>instit.</span> <span class='ocrx_word' id='word_1_446' title='bbox 451 4431 512 4484; x_wconf 90' lang='lat' dir='ltr'>Vll.</span> <span class='ocrx_word' id='word_1_447' title='bbox 533 4432 573 4482; x_wconf 84' lang='lat'>12.</span> <span class='ocrx_word' id='word_1_448' title='bbox 591 4431 644 4497; x_wconf 83' lang='lat'>31,</span> <span class='ocrx_word' id='word_1_449' title='bbox 679 4431 825 4486; x_wconf 80' lang='lat' dir='ltr'>Socratem</span> <span class='ocrx_word' id='word_1_450' title='bbox 852 4430 918 4486; x_wconf 89' lang='lat' dir='ltr'>inst.</span> <span class='ocrx_word' id='word_1_451' title='bbox 936 4431 981 4486; x_wconf 87' lang='grc'>111</span> <span class='ocrx_word' id='word_1_452' title='bbox 1008 4431 1042 4484; x_wconf 81' lang='grc'>20</span> <span class='ocrx_word' id='word_1_453' title='bbox 1072 4431 1120 4500; x_wconf 80' lang='lat'>15,</span> <span class='ocrx_word' id='word_1_454' title='bbox 1148 4430 1297 4484; x_wconf 82' lang='lat' dir='ltr'>Platonem</span> <span class='ocrx_word' id='word_1_455' title='bbox 1314 4427 1381 4482; x_wconf 87' lang='lat' dir='ltr'>inst.</span> <span class='ocrx_word' id='word_1_456' title='bbox 1404 4427 1453 4481; x_wconf 88' lang='grc' dir='ltr'>ΠΙ.</span> <span class='ocrx_word' id='word_1_457' title='bbox 1484 4427 1516 4480; x_wconf 88' lang='grc'>19</span> 
     </span>
     <span class='ocr_line' id='line_1_49' title="bbox 165 4495 1512 4570; baseline -0.005 -14"><span class='ocrx_word' id='word_1_458' title='bbox 165 4499 217 4564; x_wconf 80' lang='lat'>18,</span> <span class='ocrx_word' id='word_1_459' title='bbox 234 4499 440 4556; x_wconf 88' lang='lat' dir='ltr'>Democritum.</span> <span class='ocrx_word' id='word_1_460' title='bbox 458 4499 622 4570; x_wconf 85' lang='lat' dir='ltr'>Epicurum.</span> <span class='ocrx_word' id='word_1_461' title='bbox 650 4502 807 4558; x_wconf 81' lang='lat' dir='ltr'>Zenonem.</span> <span class='ocrx_word' id='word_1_462' title='bbox 825 4499 1009 4568; x_wconf 88' lang='lat' dir='ltr'>Leucippum,</span> <span class='ocrx_word' id='word_1_463' title='bbox 1035 4497 1108 4556; x_wconf 86' lang='lat' dir='ltr'>alios</span> <span class='ocrx_word' id='word_1_464' title='bbox 1137 4497 1259 4554; x_wconf 88' lang='lat' dir='ltr'>delirare</span> <span class='ocrx_word' id='word_1_465' title='bbox 1278 4499 1363 4566; x_wconf 84' lang='lat' dir='ltr'>atque</span> <span class='ocrx_word' id='word_1_466' title='bbox 1382 4495 1512 4551; x_wconf 87' lang='lat' dir='ltr'>insanire</span> 
     </span>
     <span class='ocr_line' id='line_1_50' title="bbox 167 4566 1476 4638; baseline -0.002 -16"><span class='ocrx_word' id='word_1_467' title='bbox 167 4567 283 4638; x_wconf 85' lang='lat' dir='ltr'>saepius</span> <span class='ocrx_word' id='word_1_468' title='bbox 302 4568 379 4637; x_wconf 85' lang='lat' dir='ltr'>dicit,</span> <span class='ocrx_word' id='word_1_469' title='bbox 398 4584 470 4637; x_wconf 89' lang='lat' dir='ltr'>quos</span> <span class='ocrx_word' id='word_1_470' title='bbox 489 4568 670 4624; x_wconf 86' lang='lat' dir='ltr'>validissima</span> <span class='ocrx_word' id='word_1_471' title='bbox 688 4572 782 4623; x_wconf 87' lang='lat' dir='ltr'>mento</span> <span class='ocrx_word' id='word_1_472' title='bbox 802 4568 890 4623; x_wconf 85' lang='lat' dir='ltr'>luisse</span> <span class='ocrx_word' id='word_1_473' title='bbox 910 4571 1030 4625; x_wconf 86' lang='lat' dir='ltr'>constat.</span> <span class='ocrx_word' id='word_1_474' title='bbox 1066 4567 1130 4624; x_wconf 85' lang='lat' dir='ltr'>Vid.</span> <span class='ocrx_word' id='word_1_475' title='bbox 1149 4566 1266 4634; x_wconf 79' lang='lat' dir='ltr'>Brandt,</span> <span class='ocrx_word' id='word_1_476' title='bbox 1286 4583 1313 4622; x_wconf 91' lang='grc' dir='ltr'>ο.</span> <span class='ocrx_word' id='word_1_477' title='bbox 1332 4567 1351 4622; x_wconf 91' lang='lat' dir='ltr'>l.</span> <span class='ocrx_word' id='word_1_478' title='bbox 1370 4583 1395 4636; x_wconf 84' lang='lat' dir='ltr'>p·</span> <span class='ocrx_word' id='word_1_479' title='bbox 1414 4567 1476 4624; x_wconf 77' lang='lat'>247.</span> 
     </span>
    </p>
   </div>
   <div class='ocr_carea' id='block_1_8' title="bbox 0 0 1710 5168">
    <p class='ocr_par' dir='ltr' id='par_1_13' title="bbox 0 0 1710 5168">
     <span class='ocr_line' id='line_1_51' title="bbox 0 0 1710 5168; baseline 0 0"><span class='ocrx_word' id='word_1_480' title='bbox 0 0 1710 5168; x_wconf 95' lang='lat' dir='ltr'> </span> 
     </span>
    </p>
   </div>
  </div>
 </body>
</html>
