3410 5168
819 279 859 344 15

783 367 887 378 n—-n

159 507 241 554 nere
273 487 432 565 conantis,
464 484 606 567 probare
629 504 815 566 possumus
846 487 902 567 qui
935 506 953 552 1
985 485 1152 550 Ciceronis
1185 483 1289 566 Epist.
1314 483 1415 550 famil.
1440 481 1510 564 XV,

161 577 221 653 19,
257 574 310 638 ubi
339 571 526 638 Lucretius
549 575 583 637 in
614 571 811 653 scriptorum
857 591 995 638 numero
1034 572 1165 654 Epicuri
1202 571 1406 653 disciplinam
1430 578 1509 635 tunc

163 661 320 744 temporis
343 660 460 726 litteris
492 661 761 741 persequentium
792 661 1006 736 desideratur,
1041 659 1182 738 collegit,
1205 678 1339 723 carmen
1364 658 1510 722 Lucretii

163 754 302 816 exeunte
324 767 438 812 mense
462 747 616 811 Ianuario
641 748 795 820 11111145,
821 767 850 812 a.
876 748 950 814 Chr.
967 769 1009 824 n,
1028 766 1092 829 quo
1115 747 1169 810 illa
1194 746 1363 810 Ciceronis
1387 747 1512 826 scripta

161 844 213 904 est
235 835 385 918 epistula,
425 834 570 901 nondum
593 832 793 918 publicatum
831 836 942 904 luisse.
979 835 1027 900 Ne
1052 835 1139 898 illius
1162 839 1399 914 argumentum,
1423 831 1512 912 quod

163 944 203 990 ex
225 924 357 987 silentio
395 922 535 1002 petitum
558 922 610 1000 sit,
636 922 744 986 minus
767 923 877 988 valere
901 923 1018 1002 dicam,
1055 922 1118 986 hoc
1139 920 1368 984 tantummodo
1391 919 1510 1004 signifi-

121 1027 129 1098 ,
162 1029 237 1076 care
261 1011 369 1086 velim,
393 1007 560 1072 Ciceronis
584 1006 742 1088 epistulae
765 1009 852 1074 laud.
877 1009 1002 1078 verbis:
1026 1047 1052 1053 -·
1071 1009 1158 1096 „ipse
1183 1008 1271 1071 enim
1294 1006 1466 1088 Epicurus,
1491 1023 1511 1068 a

159 1117 228 1182 quo
251 1115 366 1160 omncs
390 1095 477 1160 Catii
502 1101 536 1160 et
557 1096 721 1174 Amafinii,
754 1097 832 1160 mali
855 1097 1030 1162 verborum
1065 1096 1272 1177 interpretes,
1295 1095 1509 1176 proficiscun-

161 1194 225 1265 tur,
249 1184 337 1264 dicit,
377 1179 435 1244 οὐκ
458 1177 546 1244 ἔστιν
584 1178 685 1268 ἡδέως
721 1180 795 1245 ἄνευ
822 1181 878 1245 τοῦ
910 1181 1015 1257 καλῶς
1046 1179 1103 1245 καὶ
1126 1179 1262 1255 δικαίως
1293 1178 1364 1266 ζῆν;
1400 1181 1510 1260 itaque

162 1279 196 1338 et
226 1271 344 1348 Pansa,
383 1270 439 1351 qui
476 1265 589 1355 ἡδονὴν
625 1270 781 1352 sequitur,
821 1271 975 1336 virtutem
1015 1272 1143 1348 retinet,
1177 1275 1210 1334 et
1243 1272 1275 1333 ii.
1300 1269 1356 1350 qui
1379 1265 1513 1331 anobis

165 1355 332 1445 φιλήδονοι
370 1354 1143 1443 1111111111,11111φιλόκαλοι11φιλοδίκαιοι.“
1182 1393 1219 1400 -
1245 1357 1310 1419 nisi
1333 1357 1427 1418 vivos
1450 1355 1511 1416 ho-

163 1446 271 1510 mines
294 1452 352 1508 aut
375 1444 564 1524 nuperrime
588 1446 771 1526 mortuom)
788 1463 854 1510 non
877 1443 1132 1512 commemorari
1155 1451 1255 1524 atque
1278 1444 1333 1520 ita,
1359 1451 1395 1506 ut
1419 1438 1515 1504 malis

164 1533 342 1616 Epicureae
373 1529 565 1612 disciplinae
589 1532 826 1613 interpretibus
850 1532 936 1611 honi,
960 1531 1130 1600 Amafiniis
1154 1538 1187 1596 et
1213 1529 1326 1608 Cattis,
1353 1526 1512 1608 Pansae)

165 1625 382 1701 opponantur.
408 1616 572 1699 Quoniam
602 1615 776 1683 Lucretius
799 1639 829 1684 a.
854 1639 881 1682 a.
908 1619 964 1683 Ch.
988 1623 1052 1700 45,
1077 1638 1141 1700 quo
1165 1617 1220 1681 illa
1243 1616 1346 1682 Cicer.
1372 1615 1515 1696 epistula

161 1704 764 1788 1111111111111111111111[1111111111
787 1707 821 1770 in
844 1707 930 1770 vivis
954 1725 1020 1770 non
1043 1710 1121 1784 erat,
1139 1715 1207 1769 non
1230 1705 1397 1785 miramur,
1422 1700 1511 1786 quod

160 1794 214 1858 hic
236 1811 374 1857 numero
400 1811 527 1872 eorum,
550 1793 606 1872 qui
643 1811 663 1855 a
687 1793 802 1857 Cassio
832 1801 869 1858 ut
901 1795 1052 1876 exempla
1083 1793 1254 1876 utriusque
1276 1791 1510 1874 Epicureorum

162 1881 293 1967 generis
316 1879 512 1944 nominatim
536 1878 721 1958 laudantur,
747 1900 815 1945 non
839 1888 890 1946 est
914 1881 1186 1964 comprehensus.

266 2000 373 2082 Atque
395 2017 483 2072 uero,
507 2000 535 2066 si
558 1999 699 2083 quidem,
723 2020 807 2084 quae
831 2020 930 2084 supra
952 2002 1176 2083 exposuimus
1194 2017 1234 2064 aa
1249 2007 1337 2067 recte
1356 1996 1513 2080 exposita

163 2093 256 2166 sunt,
291 2087 358 2154 iam
389 2085 527 2152 alterum
564 2087 783 2170 pertinentem
822 2089 864 2152 ad
888 2088 1028 2158 Lucretii
1062 2089 1166 2155 vitam
1198 2085 1369 2154 consecuti
1399 2101 1513 2148 sumus

164 2193 339 2244 numerum
351 2178 486 2246 certum,
498 2175 517 2236 i.
534 2171 656 2240 aldus
673 2173 830 2240 Octobres
838 2177 917 2244 anni
929 2195 959 2240 a.
976 2173 1051 2241 Chr.
1075 2195 1107 2238 n.
1124 2177 1187 2252 55,
1206 2173 1324 2256 quihus
1339 2169 1516 2236 Lucretius

163 2269 264 2345 pocta
279 2261 465 2326 decessisse
477 2261 627 2330 traditur.
653 2261 782 2331 Primus
798 2270 910 2330 autem
933 2281 1102 2344 numerus
1127 2270 1164 2326 ut
1189 2278 1290 2344 supra
1312 2259 1512 2333 monuimus,

162 2357 213 2416 est
239 2351 332 2430 ,44“,
356 2367 420 2430 quo
452 2347 677 2427 Hieronymus
708 2358 827 2430 poetae
858 2351 945 2416 vitae
975 2351 1119 2432 spatium
1150 2347 1304 2414 definivit.
1337 2345 1516 2426 Utriusque

164 2435 292 2504 numeri
314 2435 480 2517 praesidio
515 2434 611 2502 facile
634 2455 757 2502 annum
781 2456 922 2522 quoquc,
955 2457 1019 2518 quo
1044 2444 1141 2502 natus
1163 2441 1215 2501 est
1237 2433 1419 2511 Lucretius
1443 2431 1514 2496 elfi-

164 2541 238 2590 1111
260 2540 447 2604 possumus.
493 2521 602 2608 Atque
624 2525 808 2590 rationibus
827 2525 995 2591 subductis
1014 2523 1159 2592 Lucretii
1183 2523 1311 2588 natales
1333 2521 1367 2585 in
1391 2537 1516 2585 annum

163 2609 217 2677 98.
262 2627 291 2673 a.
339 2606 415 2674 Chr.
462 2611 518 2692 (ab
567 2609 689 2677 Abrah.
742 2612 830 2678 1919.
836 2625 859 2690 y,
900 2631 965 2693 quo
1000 2609 1039 2694 Q.
1087 2610 1251 2678 Caecilius
1288 2606 1455 2682 Metellus,
1481 2605 1518 2669 P.

163 2695 284 2762 Didius
321 2696 475 2762 consules
505 2705 608 2779 erant,
643 2697 787 2765 incidere
809 2701 1024 2781 reperiemus.
1058 2697 1151 2766 Unde
1181 2703 1328 2778 apparet,
1353 2692 1517 2774 Hierony·

163 2803 265 2862 mum,
289 2783 346 2864 qui
369 2781 515 2852 Lucretii
537 2784 663 2850 natales
686 2786 728 2849 ad
761 2805 791 2852 a.
815 2786 858 2851 ab
883 2786 1006 2850 Abrah.
1043 2785 1214 2852 1923=94
1238 2802 1267 2848 a.
1292 2781 1367 2852 Chr.
1391 2779 1517 2846 rettuli·

162 2877 239 2944 sset,
279 2871 454 2948 erravisse,
486 2871 521 2934 id
543 2871 630 2952 quod
652 2872 802 2957 pluribus
826 2872 1066 2938 Chronicorum
1089 2872 1170 2937 locis
1192 2873 1224 2936 ei
1246 2870 1413 2935 accidisse
1435 2886 1515 2932 con-

163 2965 240 3023 stat.
265 2955 352 3037 (Vid.
392 2959 528 3036 Ritschl,
555 2959 699 3038 Parerga
722 2981 752 3042 p.
776 2962 840 3026 699
874 2981 921 3044 sq.
950 2998 981 3006 -
1013 2958 1279 3038 Reifferscheidii,
1313 2955 1509 3020 Suetonium

163 3065 200 3127 p·
220 3043 299 3122 365,
333 3045 407 3122 380,
441 3046 515 3124 387,
531 3083 566 3090 -
584 3043 621 3110 O.
646 3047 932 3134 Zoecklcriopus,
957 3049 1045 3128 quod
1067 3048 1218 3116 inscrib.:
1269 3043 1514 3124 ,Hieronymus

162 3131 236 3196 sein
280 3131 390 3196 Leben
413 3133 481 3196 und
514 3131 651 3198 Wirken
683 3152 743 3200 aus
773 3135 888 3202 scinen
932 3134 1097 3200 Schriften
1139 3133 1359 3214 dargcstellt.“
1387 3128 1517 3194 Gothae

168 3219 261 3284 1865.
317 3239 348 3301 p.
395 3220 460 3286 383
504 3220 575 3300 sq).
621 3220 729 3305 Atque
784 3221 962 3287 admodum
1017 3221 1197 3306 probabilis
1253 3219 1385 3284 videtur
1438 3214 1521 3279 mihi

161 3304 354 3371 coniectura
388 3305 571 3390 Useneri³),
604 3308 660 3389 qui
694 3307 886 3390 Hieronymi
916 3328 1062 3378 errorem
1095 3307 1310 3374 similitudine
1346 3303 1519 3369 nominum

162 3390 337 3460 consulum
359 3409 388 3458 a.
413 3393 643 3460 9811941.
670 3394 745 3462 Chr.
771 3416 802 3460 n.
827 3405 937 3464 ortum
961 3417 1036 3462 esse
1060 3396 1257 3478 suspicatur.
1283 3390 1444 3458 Consules
1459 3407 1518 3454 au-

164 3488 232 3551 tem
256 3497 284 3543 a.
309 3497 338 3544 a.
364 3477 439 3545 Chr.
452 3481 504 3546 98.
518 3481 557 3552 il.
573 3481 743 3559 Caecilius,
754 3483 791 3548 Τ.
804 3484 1003 3562 Didius-a.
1029 3488 1079 3554 94.
1101 3502 1130 3548 a.
1156 3481 1230 3548 Chr.
1254 3480 1290 3546 C.
1315 3477 1457 3554 Caelius,
1482 3475 1517 3540 L.

163 3564 327 3632 Domitius
351 3566 490 3632 luerunt.
517 3565 682 3650 Quoniam
704 3590 740 3635 re
765 3590 845 3636 vera
867 3572 1029 3654 quaedam
1051 3571 1224 3650 nominum
1247 3569 1377 3633 illorum
1399 3563 1512 3627 simili·

165 3653 244 3722 tudo
267 3653 452 3734 intercedit,
483 3657 590 3739 potuit
624 3657 709 3738 lieri,
744 3667 779 3728 ut
802 3659 1034 3740 Hieronymus,
1069 3658 1124 3745 qui
1157 3657 1394 3721 Chronicorum
1416 3649 1518 3716 libros

162 3810 201 3820 ..v
244 3813 246 3818 .
281 3815 312 3818 ...
360 3815 475 3825 ......-...,

270 3897 292 3962 ¹)
315 3893 412 3948 Catius
443 3911 542 3951 mense
572 3898 705 3952 Ianuario
726 3899 809 3954 145.
829 3913 852 3953 a.
871 3899 934 3953 6111.
954 3899 1106 3968 autpaulo
1138 3903 1202 3954 ante
1234 3901 1363 3954 mortuus
1383 3901 1427 3952 est
1446 3901 1518 3954 teste

168 3961 303 4018 Cicerone
341 3965 370 4018 in
389 3966 471 4032 epist.
491 3965 527 4020 ad
546 3966 633 4021 famil.
654 3968 716 4036 XV,
735 3970 776 4023 16.
798 3969 820 4023 l.
840 3983 939 4023 mense
958 3970 1090 4023 Ianuario
1111 3986 1135 4024 a.
1155 3974 1196 4023 45.
1217 3969 1331 4038 scripta,
1354 3967 1403 4022 ubi
1421 3969 1519 4038 legun·

164 4034 211 4086 tur
227 4033 314 4088 haec:
336 4035 449 4105 ,Catius
468 4036 597 4104 Insuber,
617 4037 664 4104 qui
680 4053 770 4106 nuper
788 4041 832 4091 est
850 4041 1004 4092 mortuus.“

268 4136 327 4212 ²)i.
345 4155 370 4195 1.
389 4139 542 4208 11111111,
562 4141 655 4208 qualis
674 4143 856 4200 Ρ11111111.

272 4242 296 4312 ³)
314 4245 390 4299 Mus,
408 4245 497 4300 Rhcn.
515 4261 581 4302 nov.
600 4260 655 4302 scr.
673 4248 692 4301 t
711 4245 798 4301 XXII.
826 4245 917 4315 (1867)
933 4264 959 4319 p.
978 4248 1029 4299 444
1049 4264 1105 4316 sq.;
1125 4277 1157 4288 -·
1176 4247 1248 4304 alias
1276 4246 1401 4302 virorum
1418 4246 1519 4303 docto-

164 4328 229 4370 rum
248 4312 426 4368 coniccturas
464 4314 500 4368 ad
518 4317 612 4372 locum
630 4316 706 4370 laud.
725 4315 891 4384 Hieronymi
910 4320 1081 4384 spectantes,
1092 4333 1164 4386 quac
1182 4315 1388 4374 recentissimis
1406 4321 1517 4386 tempo·

164 4382 246 4463 rihup
280 4382 454 4464 prodierunt,
483 4385 571 4452 (velut
588 4385 620 4440 F.
638 4383 743 4440 Marxii
762 4385 792 4440 in
815 4387 890 4442 Mus
920 4387 1010 4444 Rhen.
1028 4391 1097 4442 tom.
1115 4388 1159 4441 43.
1178 4406 1205 4454 p.
1224 4390 1275 4440 136
1317 4389 1371 4456 sq.)
1391 4400 1462 4454 quae
1503 4401 1519 4441 1

165 4452 237 4508 mihi
255 4469 351 4510 minus
376 4453 539 4522 probabiles
557 4453 691 4510 videntur
718 4470 792 4523 esse,
821 4457 951 4510 consulto
981 4455 1095 4511 silentio
1113 4458 1167 4512 hoc
1187 4457 1251 4511 loco
1278 4461 1435 4524 praetereo.
1479 4455 1517 4510 1d.

163 4522 296 4588 ’11111111
315 4521 370 4578 Lit.
393 4524 476 4579 Rom.
494 4526 520 4578 t.
538 4524 582 4580 cd.
600 4527 661 4580 203.
681 4526 866 4596 1.-Sauppii,
885 4525 1001 4594 Quaest.
1036 4527 1119 4582 Lucr.
1156 4529 1229 4583 Coit.
1256 4527 1333 4580 1886.
1352 4528 1409 4594 p.3
1428 4541 1470 4596 sq.
1490 4528 1519 4584 ct

168 4590 307 4662 Schanzii,
325 4593 380 4648 Lit.
398 4593 481 4649 Rom.
499 4610 525 4662 p.
543 4596 602 4650 186.
621 4597 679 4650 nol.
699 4625 731 4634 -
750 4595 864 4650 Munroi
882 4594 949 4650 edit.
968 4596 1103 4666 Lucretii,
1125 4595 1245 4665 append.
1258 4598 1280 4653 Ι.
1299 4592 1403 4666 (1866).
