3410 5168
783 256 885 352 „¹3

160 459 234 524 solo
258 456 426 524 Ciceronis
451 460 584 527 nomine
607 470 765 532 uteretur.
782 463 824 527 ad
841 463 965 528 clarum
981 467 1146 527 craterem
1169 462 1366 543 respexisse.
1389 458 1514 524 Verum

160 564 202 611 ne
225 545 428 626 Hieronymo
461 548 609 612 Marcum
642 549 836 615 Ciceronem
872 549 1029 615 carminis
1053 549 1243 613 Lucretiam
1265 546 1514 613 emendatorem

63 687 68 698 .
160 650 234 698 esse
258 637 529 700 commemoranti
560 636 742 715 credamne,
766 636 878 703 multis
902 645 935 704 et
958 637 1111 717 gravibus
1143 636 1290 716 cogimur
1312 635 1514 714 argumentis

160 737 200 784 ac
223 721 365 800 primum
389 739 437 803 eo,
461 722 549 804 quod
572 722 698 805 Cicere,
722 725 777 806 qui
800 725 917 790 vel'de
940 723 1085 788 minimis
1109 723 1176 786 suis
1200 723 1234 786 in
1257 722 1514 802 rempublicam

161 815 195 871 01
218 807 365 887 privatos
388 809 514 874 meritis
538 809 668 888 gloriari
691 817 789 894 atque
812 811 885 876 urbi
909 819 943 878 et
966 810 1037 876 orbi
1062 809 1253 892 praedicare
1277 807 1513 886 8010110081-

160 893 259 957 minis
289 892 480 960 Lucretiani
518 897 749 963 emendatione
783 918 918 980 prorsus
964 903 1076 976 tacet3
1111 915 1211 978 quarn
1246 897 1274 959 si
1298 895 1511 976 suscepisset,

160 980 336 1046 verisimile
358 988 407 1046 est
442 982 587 1048 futurum
612 984 722 1064 fuisse,
746 994 782 1050 ut
805 987 847 1051 de
870 1005 909 1052 ea
932 984 1053 1050 alicubi
1076 988 1361 1048 commemoraret.

264 1101 392 1166 Deinde
426 1102 500 1184 ipsa
529 1105 655 1170 ratione
693 1097 897 1188 philosopha,
936 1123 1035 1187 quarn
1059 1103 1174 1170 Cicero
1208 1103 1407 1183 sectabatur,
1431 1103 1514 1168 illud

160 1187 296 1252 credere
319 1197 479 1254 vetamur.

268 1309 406 1374 Constat
428 1311 516 1375 enim
551 1311 745 1378 Ciceronem
768 1313 891 1378 rationi
913 1311 1098 1394 Epicureae
1121 1311 1204 1377 adeo
1228 1311 1394 1376 infensum
1431 1311 1510 1379 luis·

161 1415 209 1480 se,
232 1404 268 1461 ut
292 1415 366 1460 eam
389 1416 457 1461 non
481 1398 587 1463 solum
611 1400 714 1482 palam
750 1406 974 1465 contemneret
1002 1399 1061 1465 sed
1093 1399 1204 1477 etiam,
1227 1398 1425 1480 ubicumque
1448 1399 1511 1464 sibi

162 1482 283 1560 liceret,
300 1484 497 1549 acutissimis
520 1485 592 1550 telis
616 1492 750 1568 peteret.
776 1485 877 1552 Cuius
889 1487 937 1552 rei
954 1485 1069 1568 plures'
1085 1486 1194 1550 8110111
1220 1491 1510 1566 0088001001880,

163 1587 301 1652 quarum
338 1572 553 1650 gravissimae
589 1575 624 1636 in
654 1575 791 1639 rationis
823 1574 1047 1658 philosophae,
1080 1573 1132 1638 cui
1155 1573 1224 1654 ipse
1247 1572 1399 1638 addictus
1425 1581 1508 1653 erat,

163 1654 359 1722 diversitate
375 1666 408 1724 et
431 1663 465 1722 in
488 1663 563 1740 fine,
599 1680 697 1743 quam
730 1681 829 1727 verae
862 1660 1089 1744 philosophiae
1111 1659 1254 1724 studium
1278 1661 1433 1741 persequi
1457 1659 1513 1726 de·

161 1742 239 1808 bere
262 1745 326 1809 sibi
349 1755 569 1827 persuaserat,
615 1747 744 1831 positae
788 1749 942 1814 videntur
975 1767 1057 1813 esse.
1089 1746 1243 1812 Omnium
1286 1746 1515 1829 philosophiae

162 1829 410 1911 disciplinarum
450 1831 600 1900 Ciceroni
638 1836 779 1901 maxime
813 1835 938 1917 placuit
971 1833 1243 1900 Academicorum
1280 1834 1374 1912 ratic,
1408 1833 1513 1918 qualis

157 1926 239 2000 post
277 1919 454 1984 Arcesilam
490 1920 703 1988 aCarneadc
737 1919 1515 1989 01Ρ11101000181111100181.1100080101

162 2004 389 2088 philosophiae
435 2006 550 2073 Cicero
588 2028 664 2088 non,
699 2017 736 2076 ut
773 2010 933 2092 Epicurei,
966 2011 1001 2075 in
1024 2007 1201 2090 voluptate,
1234 2007 1266 2070 h.
1291 2026 1318 2072 e.
1344 2009 1378 2072 in
1401 2009 1513 2090 quieto

162 2091 264 2156 animi
297 2099 384 2179 statu
415 2113 523 2177 neque
551 2097 733 2178 cupiditate
755 2116 862 2179 neque
894 2097 1006 2162 dolore
1030 2095 1151 2175 agitati,
1175 2094 1289 2160 sedin
1311 2095 1432 2160 virtute
1455 2114 1514 2177 po·

165 2178 240 2243 suit.
291 2179 395 2258 Quem
428 2185 526 2248 finem
560 2185 632 2265 ipse
664 2189 859 2265 persecutus
890 2193 943 2249 est
966 2185 1002 2248 in
1024 2184 1093 2248 suis
1115 2181 1207 2246 libris
1238 2180 1455 2264 philosophis,
1479 2183 1513 2246 in

164 2263 381 2348 quibuscum
405 2270 540 2352 eptima-
553 2271 780 2352 philosophiae
802 2278 977 2354 praecepta
997 2276 1185 2352 exponeret,
1219 2268 1283 2333 hoc
1306 2269 1515 2351 potissimum

163 2353 237 2432 egit,
261 2359 297 2416 ut
318 2374 451 2420 suerum
489 2357 611 2422 civium
647 2359 779 2424 animos
825 2358 991 2424 desiderio
1029 2359 1196 2436 virtutum,
1220 2354 1338 2438 quibus
1373 2356 1515 2421 maiores

164 2439 376 2523 excellebant,
411 2461 562 2524 quaeque
590 2463 652 2510 sua
673 2451 783 2511 aetate
807 2447 988 2513 exstinctae
1011 2463 1116 2526 paene
1138 2462 1178 2508 ac
1202 2443 1331 2514 deletae
1353 2441 1513 2508 videban-

164 2529 228 2605 tur,
251 2526 402 2609 impleret
440 2537 474 2595 et
508 2532 551 2595 ad
573 2532 735 2598 imitanda
768 2533 930 2598 maiorum
960 2532 1044 2600 bene
1066 2538 1100 2597 et
1122 2530 1209 2597 clare
1232 2530 1320 2595 lacta
1353 2530 1510 2595 excitaret

165 2609 248 2697 (Cic.
272 2613 311 2680 de
337 2616 434 2697 divin,
458 2616 502 2684 ΙΙ.
525 2618 570 2694 2).
584 2619 613 2683 Α
628 2622 811 2702 fine,quem
833 2620 1061 2702 philosophiae
1085 2617 1202 2682 Cicero
1225 2617 1409 2699 proposuit,
1434 2617 1512 2698 1101-

163 2699 234 2764 curi
258 2703 342 2766 ratio
364 2723 482 2784 prosus
517 2711 589 2770 erat
621 2707 737 2772 aliena
773 2706 858 2772 Nam
892 2712 1076 2774 sectatores
1110 2706 1184 2770 eius
1207 2723 1337 2768 summo
1367 2703 1455 2768 bone
1479 2704 1515 2768 in

165 2787 267 2850 animi
290 2791 525 2872 tranquillitate
546 2793 652 2875 posito
684 2813 751 2860 nen
773 2795 878 2859 solum
902 2792 1043 2859 810118
1069 2791 1208 2875 publicis
1241 2796 1274 2857 et
1307 2790 1515 2855 amalorum

165 2874 343 2940 virtutibus
374 2880 600 2945 avocabantur
622 2881 679 2946 sed
703 2881 802 2946 etiam
834 2882 932 2946 variis
966 2881 1097 2962 flagitiis
1143 2877 1360 2960 turpibusque
1400 2878 1514 2959 velup-

165 2960 291 3026 tatibus
308 2980 345 3026 se
362 2964 614 3046 ingurgitabant.
625 2967 781 3050 Exemplo
794 2975 903 3052 petest
925 2986 1001 3035 esse
1024 2968 1101 3032 Piso
1115 2966 1169 3032 ille
1181 2965 1270 3047 apud
1284 2963 1509 3042 Ciceronem¹)

163 3047 283 3130 aliique
316 3050 541 3119 Romanorum
584 3055 720 3121 iuvenes
751 3056 904 3137 imperiti,
938 3057 996 3138 qui
1017 3053 1195 3136 voluptatis
1218 3052 1352 3118 notione
1374 3050 1416 3116 ab
1438 3051 1514 3133 1101-

165 3151 245 3200 0110
268 3139 518 3206 commendatae
541 3143 627 3207 male
649 3142 827 3222 intellecta,
844 3162 919 3207 cum
941 3143 1071 3226 flagitiis
1081 3149 1114 3207 et
1123 3139 1344 3222 voluptatibus
1367 3137 1514 3218 indulge·

164 3227 247 3300 rent,
270 3224 400 3290 senihil
423 3227 513 3291 aliud
536 3247 634 3310 quam
658 3249 824 3295 summum
846 3231 972 3294 bonum
994 3233 1037 3296 ab
1060 3227 1204 3311 Epicuro
1215 3225 1440 3309 praedicatum
1456 3243 1513 3291 ex·

163 3313 274 3389 petere
295 3311 504 3398 iactabant.²)

270 3431 385 3512 ltaque
429 3431 544 3502 Cicero
568 3456 643 3503 eum
666 3437 875 3520 perspiceret,
921 3442 1045 3521 quanta
1090 3434 1215 3514 flagitia
1244 3451 1284 3498 ac
1306 3433 1516 3500 1101111110-

163 3517 314 3598 pravatio
337 3519 495 3586 Romanis
509 3541 550 3588 01
557 3523 687 3606 Epicuri
709 3524 882 3608 disciplina
897 3523 1132 3598 redundarent,
1150 3519 1293 3587 maxime
1317 3521 1514 3599 enitebatur,

164 3608 203 3667 ut
225 3606 509 3687 eesacognitione
532 3612 604 3678 eius
628 3617 661 3678 01
682 3612 791 3678 studio
815 3612 1004 3678 deterreret.
1029 3609 1123 3689 Quod
1145 3608 1350 3691 prepositum
1375 3608 1422 3672 ita
1445 3608 1516 3672 sol·
1603 3673 1606 3682 ,

163 3689 220 3770 vit,
242 3695 280 3754 ut
315 3690 512 3776 ubicumque
550 3705 670 3780 posset,
706 3698 883 3781 Epicurum
937 3702 1184 3778 sectatoresque
1208 3695 1279 3760 eius
1302 3693 1444 3776 graviter
1460 3711 1523 3775 re:

168 3831 232 3840 μ·-
291 3835 474 3844 q———--q

270 3879 292 3944 1)
313 3879 369 3935 Cic.
387 3881 418 3936 in
436 3884 533 3940 Pison.
552 3887 595 3957 29,
613 3889 639 3942 7.
659 3891 687 3944 l:
722 3886 927 3958 „philosophia
955 3892 987 3943 ut
1004 3888 1100 3954 fertur,
1136 3883 1251 3940 virtutis
1283 3881 1408 3940 continet
1427 3886 1515 3937 0101-

164 3947 222 4001 ficii
240 3953 267 4002 ct
284 3951 358 4007 bene
376 3953 490 4009 vivendi
508 3952 698 4028 disciplinam,
717 3972 803 4027 quam
823 3957 872 4026 qui
884 3958 1041 4029 profitetur,
1059 3955 1262 4026 gravissimam
1281 3951 1352 4008 mihi
1371 3951 1515 4008 sustinere

164 4029 316 4086 personam
336 4020 471 4078 11110111,1

269 4105 292 4164 ²)
312 4106 390 4164 Orat
408 4110 438 4164 in
455 4111 553 4168 Pison.
572 4115 613 4168 18.
631 4115 680 4171 42:
701 4114 869 4184 ,voluptarii
889 4114 990 4170 Graeci
1026 4110 1226 4182 (=Epicurei),
1245 4125 1317 4179 quos
1351 4087 1462 4166 utinam
1476 4109 1518 4166 110

164 4171 285 4243 audires,
303 4179 335 4232 ut
352 4183 433 4234 erant
452 4180 594 4251 audiendi,
612 4200 767 4253 numquam
786 4187 814 4240 te
831 4184 863 4239 in
880 4186 922 4239 101
939 4179 1296 4253 118011101101101188808.1

270 4262 293 4332 ³)
314 4263 370 4320 Cic.
399 4266 427 4320 in
445 4267 542 4324 Pison.
561 4271 604 4324 ²8.
623 4270 673 4327 68:
702 4269 879 4344 „audivistis
908 4272 1035 4341 profecte
1061 4269 1117 4323 dici
1152 4266 1339 4338 philosophos
1358 4265 1517 4346 Epicureos

163 4344 264 4388 omnes
282 4348 337 4402 108,
348 4350 421 4403 quae
432 4342 500 4392 sunt
515 4338 625 4394 homini
646 4340 830 4409 expetendae,
843 4341 989 4411 veluptate
1007 4339 1117 4407 metiri3
1136 4341 1212 4392 recte
1231 4353 1268 4390 an
1287 4350 1385 4416 secus,
1398 4335 1469 4389 nihtl
1480 4334 1519 4390 ad

162 4415 227 4468 nos,
239 4405 289 4456 aut
306 4403 333 4457 si
349 4402 385 4458 ad
404 4422 466 4474 nos,
476 4407 547 4463 nihil
558 4407 594 4464 ad
607 4409 663 4463 hec
680 4413 809 4480 tempus;
829 4409 880 4465 sed
890 4414 986 4465 tamen
994 4409 1135 4464 lubricum
1155 4421 1245 4476 genus
1264 4408 1403 4460 orationis
1420 4402 1517 4459 adule-

161 4470 237 4526 centi
250 4487 309 4551 non
327 4475 430 4530 acriter
440 4476 615 4548 intellegenti
633 4494 721 4548 saepe
739 4481 905 4550 praeceps.“
917 4479 1025 4546 -Cic,
1044 4478 1159 4534 Tuscul.
1174 4473 1316 4545 disl·'lV÷
1336 4477 1361 4529 3·
1379 4474 1412 4530 ⁶²
1434 4473 1516 4545 „3¹”

164 4537 240 4608 quoa
259 4542 456 4599 invitabantur
472 4546 614 4604 11000108
632 4548 746 4605 tinea
763 4548 920 4620 voluptatis
940 4548 1014 4620 (sen.
1033 4547 1069 4603 aa
1087 4546 1168 4617 spa.
1186 4543 1348 4612 raaouomt·
1365 4571 1400 4585 -
1515 4586 1519 4596 .

1391 4632 1412 4694 2
